2926 5100
328 375 443 426 tonsu
466 373 567 435 naor,
590 373 652 422 an.
678 356 835 433 1236-7,
858 372 921 422 nn.
944 361 993 423 tr.
1150 363 1212 426 205

166 546 269 612 thniun
294 570 386 613 suum
416 546 527 614 diceus
557 545 643 633 quod
672 545 836 633 predictus
867 546 1030 612 Galfridns
1059 571 1122 613 non
1154 550 1216 615 luit

165 651 304 735 nnpssui
317 650 403 737 quod
417 650 561 736 aliquam
576 658 698 713 mrtem
715 658 793 712 tunc
809 649 911 712 lacere
932 649 1049 734 potuit.
1095 651 1138 715 Et
1160 673 1218 736 per

162 755 307 840 requisiti
323 767 422 819 testes
436 754 464 818 ei
480 762 589 818 essent
603 753 645 818 ad
660 753 891 817 confectionem
904 763 991 819 carte
1007 764 1041 818 et
1056 754 1083 819 ai
1099 755 1218 819 scirent

159 858 248 939 quud»
269 858 377 923 Abbas
402 857 528 943 postne
554 856 617 920 suit
643 856 677 920 in
703 857 822 921 seisina
846 857 887 921 de
910 857 1055 943 predicta
1076 869 1162 923 terra
1184 868 1218 923 et

156 960 253 1027 aelus
266 986 337 1027 cum
353 960 500 1047 predicta
515 974 609 1035 terra,
625 969 658 1024 et
675 982 786 1024 omnes
801 971 910 1046 preter
924 970 989 1024 tres
1004 961 1117 1025 dicunt
1133 961 1218 1048 quod

154 1084 280 1151 acapnum
294 1065 493 1129 audinerunt
508 1063 596 1148 loqui
612 1062 652 1127 de
667 1072 756 1126 cama
776 1062 834 1126 illu
851 1073 1026 1148 antequam
1050 1064 1134 1128 lecta
1156 1064 1220 1129 fuit

148 1168 176 1232 sl
198 1170 385 1243 minitatum,
405 1191 463 1231 nec
485 1166 654 1231 constabat
676 1166 723 1231 eia
746 1176 856 1230 utrum
879 1176 985 1230 essent
1007 1167 1164 1232 nominati
1185 1167 1219 1232 in

146 1290 210 1335 ara
230 1294 324 1335 necne
350 1271 452 1335 donec
479 1269 643 1354 predictus
673 1268 813 1332 Ouidius
839 1268 909 1332 illos
936 1269 1034 1354 peciit
1058 1292 1097 1333 ex
1126 1279 1219 1355 perte

105 1368 107 1415 !
145 1376 250 1459 poteri
272 1372 410 1439 Gallridi
434 1372 521 1459 quod
550 1371 773 1436 testimonium
801 1371 876 1435 inde
904 1371 1119 1457 perhiberent.
1175 1373 1219 1437 Et

145 1476 276 1542 ll’alterns
294 1478 336 1542 ‹le
357 1477 506 1541 hlortona
526 1476 605 1541 dicit
625 1475 712 1562 qnod
737 1476 839 1540 tribus
863 1477 958 1541 annis
978 1486 1055 1541 ante
1081 1486 1217 1542 mortem

144 1581 251 1645 l'nllridi
272 1581 362 1645 uenit
385 1579 471 1644 idem
493 1578 657 1642 Walterus
676 1577 764 1664 opud
785 1578 956 1643 Oseneiam
979 1579 1035 1643 ubi
1055 1579 1218 1665 predictus

145 1686 277 1749 llallridtis
292 1682 531 1771 perhendinans
546 1682 608 1746 fuit
623 1691 699 1746 ante
712 1681 892 1767 prandium,
904 1693 938 1746 et
951 1682 1062 1747 Abbas
1076 1682 1219 1747 ostendit

147 1790 285 1854 ennam
308 1789 495 1876 predictam,
511 1798 546 1851 et
565 1809 638 1851 cnm
660 1795 749 1850 carta
769 1785 864 1850 duxit
882 1785 1021 1850 eundem
1040 1786 1218 1851 Walterum

105 1946 108 1979 ἱ
150 1914 223 1955 nram
238 1890 380 1978 [indicto
394 1888 540 1954 Gellrido
553 1888 611 1973 qui
627 1898 705 1951 tunc
719 1909 849 1972 compos
863 1887 913 1951 sui
930 1887 993 1951 luit
1013 1899 1047 1952 et
1067 1887 1219 1973 cognouit

105 1982 107 1989 ¹
152 2014 225 2057 nnn
242 1995 309 2079 ipso
329 1991 417 2079 qnod
437 1992 556 2055 fecerat
577 1988 682 2052 eidem
703 1987 826 2052 Abbati
846 1999 968 2052 cartam
988 1987 1165 2073 predictam
1186 1998 1220 2053 et

152 2096 361 2173 &moliminis
386 2095 485 2182 peciit
509 2095 616 2180 ipsum
639 2091 724 2179 qnod
746 2091 968 2156 testimonium
990 2092 1064 2157 inde
1085 2092 1220 2157 ubicun-

152 2222 191 2281 ηε
211 2200 389 2285 perhiberet
414 2209 449 2262 et
477 2220 582 2262 coram
612 2195 762 2260 omnibus
791 2205 825 2258 et
855 2194 942 2280 quod
971 2218 1010 2259 ex
1041 2206 1133 2281 parto
1162 2219 1222 2262 suo

105 2320 107 2327 '
151 2320 242 2385 terret
255 2326 368 2367 ornnes
382 2302 502 2367 amima
517 2301 619 2386 ipsius
640 2299 776 2364 Galfridi
796 2298 882 2384 quod
903 2322 1058 2364 unacum
1075 2323 1113 2364 eo
1129 2301 1219 2365 testi·

105 2394 108 2465 l
151 2404 257 2469 areium
281 2404 357 2469 inde
383 2403 599 2489 perhiberent,
625 2401 702 2487 quia
726 2399 847 2465 donum
872 2401 953 2465 illud
977 2401 1008 2465 ei
1032 2401 1110 2466 lecit
1135 2401 1221 2467 bona

150 2508 282 2571 eluente
297 2529 358 2570 mia
373 2518 408 2569 et
424 2505 559 2591 integre.

193 2609 226 2675 Et
241 2611 356 2675 Petrus
371 2609 524 2675 Oliuerus
538 2618 573 2673 et
588 2608 728 2673 Thomas
743 2608 772 2673 le
789 2608 881 2673 Clem
899 2607 1013 2672 dicunt
1030 2609 1116 2694 qnod
1136 2610 1221 2674 circa

149 2708 238 2777 tut·
251 2714 356 2778 tribus
370 2713 465 2777 annis
480 2711 596 2797 elapsis
610 2721 687 2775 anto
708 2721 843 2775 mortem
866 2711 967 2796 ipsius
988 2712 1123 2777 Galfridi
1144 2713 1220 2777 lecit

147 2812 209 2879 'ere
220 2816 381 2881 tlalsridus
396 2815 540 2902 predicto
555 2813 677 2879 Abbati
692 2824 813 2877 eurtum
830 2813 1007 2898 predictam
1026 2827 1060 2879 et
1077 2815 1220 2901 sigillum

145 2940 216 2983 uum
228 2920 308 3007 quud
324 2942 434 2983 sectum
452 2919 571 2983 tulerat
587 2917 692 2982 eidem
708 2928 795 2980 carte
817 2918 967 3002 apposuit
985 2928 1019 2982 et
1037 2919 1125 2982 illam
1145 2917 1220 2983 inde

145 3022 274 3089 obnuit
291 3025 324 3088 in
340 3022 482 3109 quodam
504 3020 640 3107 postico¹
661 3042 759 3106 super
779 3031 929 3084 truncum
951 3020 1007 3085 ubi
1026 3021 1159 3086 sedebat
1179 3022 1220 3087 ad

146 3124 257 3192 hstium
285 3124 456 3191 cuiusdam
485 3124 559 3188 urile
591 3124 623 3187 in
654 3122 800 3187 Abbaeia
829 3122 870 3186 de
900 3124 1046 3201 Omnem,
1075 3135 1109 3188 et
1143 3136 1221 3190 tunc

144 3226 247 3292 herent
262 3242 429 3316 presentes
443 3238 477 3291 et
494 3227 553 3291 hoc
569 3225 723 3291 uiderunt
738 3236 772 3289 et
791 3227 858 3312 ipse
874 3226 1039 3292 Galsridus
1054 3228 1152 3315 peciit
1167 3252 1220 3293 eos

142 3332 210 3415 aad
235 3332 456 3398 testimonium
487 3329 562 3394 inde
594 3330 807 3416 perhiberent.
855 3330 897 3394 Et
925 3331 986 3416 ipsi
1013 3342 1078 3395 tres
1104 3355 1163 3418 per
1186 3355 1220 3397 se

142 3438 263 3519 maisin
273 3456 383 3504 utrum
396 3458 454 3522 per
462 3450 583 3499 certam
597 3434 774 3520 predictam
786 3435 893 3520 posuit
905 3433 1045 3498 cundem
1057 3436 1220 3500 Abbatcm

141 3562 166 3603 :a
187 3544 293 3606 neieina
320 3542 363 3606 de
393 3539 539 3625 predicta
569 3551 654 3603 terra
683 3539 796 3603 dicunt
826 3538 912 3624 quod
940 3539 982 3603 de
1011 3539 1076 3604 alia
1104 3541 1222 3605 aeiaina

139 3646 297 3708 meierum
328 3664 427 3729 quarn
458 3655 556 3706 antea
584 3665 658 3706 cum
686 3642 758 3706 aliis
782 3642 977 3706 iuratoribus
1001 3642 1033 3706 in
1057 3644 1221 3708 communi

135 3746 273 3810 dierunt
321 3746 363 3810 Et
380 3758 448 3808 tarn
465 3744 621 3808 iuratores
636 3767 734 3830 quarn
751 3755 851 3809 testes
871 3745 990 3831 quesiti
1010 3746 1038 3809 ai
1058 3748 1222 3831 predictus

133 3852 325 3938 omensqui
341 3871 497 3915 unacum
518 3848 643 3913 duobus
662 3849 838 3913 canonicis¹
858 3849 949 3913 uenit
969 3849 1010 3914 ad
1030 3851 1221 3914 comitatum

132 3952 322 4039 Periurgham
361 3975 437 4017 cum
474 3966 564 4016 carta
598 3953 742 4038 predicta
775 3954 859 4018 sicut
893 3955 1085 4019 senescallus
1122 3954 1222 4041 ipsius

128 4058 275 4127 meu&
289 4057 406 4120 dicunt
422 4053 510 4138 quod
525 4056 681 4129 nesciunt,
696 4066 745 4118 set
761 4056 877 4119 melius
896 4055 1032 4120 credunt
1052 4056 1137 4140 quod
1157 4078 1220 4120 uon

125 4164 180 4223 fu:
196 4159 388 4223 senescallus
403 4157 506 4243 ipsius
520 4157 656 4224 Gallridi
672 4159 749 4244 (luia
769 4161 832 4224 luit
852 4161 982 4245 quidam
1004 4160 1162 4225 heremita
1180 4159 1221 4225 de

155 4338 336 4445 erce·
699 4327 855 4456 mou
878 4332 933 4392 u
