<?xml version="1.0" encoding="UTF-8"?>
<!DOCTYPE html PUBLIC "-//W3C//DTD XHTML 1.0 Transitional//EN"
    "http://www.w3.org/TR/xhtml1/DTD/xhtml1-transitional.dtd">
<html xmlns="http://www.w3.org/1999/xhtml" xml:lang="en" lang="en">
 <head>
  <title>
</title>
<meta http-equiv="Content-Type" content="text/html;charset=utf-8" />
  <meta name='ocr-system' content='tesseract 3.04.00' />
  <meta name='ocr-capabilities' content='ocr_page ocr_carea ocr_par ocr_line ocrx_word'/>
</head>
<body>
  <div class='ocr_page' id='page_1' title='image "./bractonsnoteboo02bracgoog_0058.png"; bbox 0 0 2926 5100; ppageno 0'>
   <div class='ocr_carea' id='block_1_1' title="bbox 244 358 1043 432">
    <p class='ocr_par' dir='ltr' id='par_1_1' title="bbox 244 358 1043 432">
     <span class='ocr_line' id='line_1_1' title="bbox 244 358 1043 432; baseline -0.004 -9"><span class='ocrx_word' id='word_1_1' title='bbox 244 363 286 423; x_wconf 70' lang='lat' dir='ltr'>ts</span> <span class='ocrx_word' id='word_1_2' title='bbox 551 372 702 432; x_wconf 73' lang='lat' dir='ltr'>raison,</span> <span class='ocrx_word' id='word_1_3' title='bbox 725 372 786 420; x_wconf 74' lang='lat' dir='ltr'>nn.</span> <span class='ocrx_word' id='word_1_4' title='bbox 815 358 907 429; x_wconf 70' lang='lat'>1224,</span> <span class='ocrx_word' id='word_1_5' title='bbox 930 372 992 421; x_wconf 73' lang='lat' dir='ltr'>sn</span> <span class='ocrx_word' id='word_1_6' title='bbox 1015 362 1043 420; x_wconf 85' lang='lat'>8.</span> 
     </span>
    </p>
   </div>
   <div class='ocr_carea' id='block_1_2' title="bbox 113 541 1357 3943">
    <p class='ocr_par' dir='ltr' id='par_1_2' title="bbox 240 541 1352 837">
     <span class='ocr_line' id='line_1_2' title="bbox 241 541 1349 628; baseline -0.001 -20"><span class='ocrx_word' id='word_1_7' title='bbox 241 541 458 627; x_wconf 85' lang='lat' dir='ltr'>colligendum</span> <span class='ocrx_word' id='word_1_8' title='bbox 481 541 637 628; x_wconf 81' lang='lat' dir='ltr'>stipulam</span> <span class='ocrx_word' id='word_1_9' title='bbox 662 563 717 626; x_wconf 89' lang='lat' dir='ltr'>per</span> <span class='ocrx_word' id='word_1_10' title='bbox 734 542 758 627; x_wconf 90' lang='lat' dir='ltr'>j.</span> <span class='ocrx_word' id='word_1_11' title='bbox 774 541 861 605; x_wconf 85' lang='lat' dir='ltr'>dioro</span> <span class='ocrx_word' id='word_1_12' title='bbox 883 553 959 607; x_wconf 85' lang='lat' dir='ltr'>onte</span> <span class='ocrx_word' id='word_1_13' title='bbox 980 564 1097 607; x_wconf 84' lang='lat' dir='ltr'>nonsrn</span> <span class='ocrx_word' id='word_1_14' title='bbox 1121 563 1266 628; x_wconf 85' lang='lat' dir='ltr'>proquo</span> <span class='ocrx_word' id='word_1_15' title='bbox 1288 564 1349 607; x_wconf 77' lang='lat' dir='ltr'>ser·</span> 
     </span>
     <span class='ocr_line' id='line_1_3' title="bbox 242 646 1352 732; baseline -0.001 -20"><span class='ocrx_word' id='word_1_16' title='bbox 242 648 326 712; x_wconf 90' lang='lat' dir='ltr'>uicio</span> <span class='ocrx_word' id='word_1_17' title='bbox 342 648 404 712; x_wconf 90' lang='lat' dir='ltr'>ibit</span> <span class='ocrx_word' id='word_1_18' title='bbox 425 646 549 713; x_wconf 74' lang='lat' dir='ltr'>inutilia</span> <span class='ocrx_word' id='word_1_19' title='bbox 568 669 627 711; x_wconf 85' lang='lat' dir='ltr'>soe</span> <span class='ocrx_word' id='word_1_20' title='bbox 648 646 680 710; x_wconf 93' lang='lat' dir='ltr'>in</span> <span class='ocrx_word' id='word_1_21' title='bbox 703 646 857 732; x_wconf 78' lang='lat' dir='ltr'>stipulam</span> <span class='ocrx_word' id='word_1_22' title='bbox 882 646 1005 711; x_wconf 76' lang='lat' dir='ltr'>donnini</span> <span class='ocrx_word' id='word_1_23' title='bbox 1028 646 1078 711; x_wconf 89' lang='lat' dir='ltr'>soi</span> <span class='ocrx_word' id='word_1_24' title='bbox 1103 646 1145 711; x_wconf 84' lang='lat' dir='ltr'>sd</span> <span class='ocrx_word' id='word_1_25' title='bbox 1168 646 1352 712; x_wconf 67' lang='lat' dir='ltr'>babendum</span> 
     </span>
     <span class='ocr_line' id='line_1_4' title="bbox 240 747 1333 837; baseline -0.002 -22"><span class='ocrx_word' id='word_1_26' title='bbox 240 750 395 837; x_wconf 76' lang='lat' dir='ltr'>stipulam</span> <span class='ocrx_word' id='word_1_27' title='bbox 411 759 470 814; x_wconf 89' lang='lat' dir='ltr'>etc.</span> <span class='ocrx_word' id='word_1_28' title='bbox 487 747 573 813; x_wconf 88' lang='lat' dir='ltr'>unde</span> <span class='ocrx_word' id='word_1_29' title='bbox 588 747 668 812; x_wconf 88' lang='lat' dir='ltr'>dicit</span> <span class='ocrx_word' id='word_1_30' title='bbox 684 748 770 834; x_wconf 86' lang='lat' dir='ltr'>quod</span> <span class='ocrx_word' id='word_1_31' title='bbox 785 748 864 813; x_wconf 85' lang='lat' dir='ltr'>oiiss</span> <span class='ocrx_word' id='word_1_32' title='bbox 879 748 1128 813; x_wconf 85' lang='lat' dir='ltr'>consuetudines</span> <span class='ocrx_word' id='word_1_33' title='bbox 1143 771 1207 813; x_wconf 90' lang='lat' dir='ltr'>non</span> <span class='ocrx_word' id='word_1_34' title='bbox 1222 748 1333 813; x_wconf 85' lang='lat' dir='ltr'>debet.</span> 
     </span>
    </p>

    <p class='ocr_par' dir='ltr' id='par_1_3' title="bbox 240 850 1357 1951">
     <span class='ocr_line' id='line_1_5' title="bbox 307 850 1357 937; baseline -0.002 -20"><span class='ocrx_word' id='word_1_35' title='bbox 307 853 350 917; x_wconf 89' lang='lat' dir='ltr'>Et</span> <span class='ocrx_word' id='word_1_36' title='bbox 378 851 490 917; x_wconf 75' lang='lat' dir='ltr'>Abbsn</span> <span class='ocrx_word' id='word_1_37' title='bbox 518 851 598 916; x_wconf 90' lang='lat' dir='ltr'>dicit</span> <span class='ocrx_word' id='word_1_38' title='bbox 628 851 713 937; x_wconf 90' lang='lat' dir='ltr'>quod</span> <span class='ocrx_word' id='word_1_39' title='bbox 743 874 855 915; x_wconf 84' lang='lat' dir='ltr'>omncs</span> <span class='ocrx_word' id='word_1_40' title='bbox 884 851 955 915; x_wconf 81' lang='lat' dir='ltr'>illes</span> <span class='ocrx_word' id='word_1_41' title='bbox 980 851 1231 917; x_wconf 86' lang='lat' dir='ltr'>consuetudines</span> <span class='ocrx_word' id='word_1_42' title='bbox 1252 850 1357 917; x_wconf 86' lang='lat' dir='ltr'>debet</span> 
     </span>
     <span class='ocr_line' id='line_1_6' title="bbox 241 954 1356 1041; baseline -0.002 -20"><span class='ocrx_word' id='word_1_43' title='bbox 241 956 327 1021; x_wconf 86' lang='lat' dir='ltr'>idern</span> <span class='ocrx_word' id='word_1_44' title='bbox 351 956 534 1022; x_wconf 82' lang='lat' dir='ltr'>Wiliclrnus</span> <span class='ocrx_word' id='word_1_45' title='bbox 555 966 589 1019; x_wconf 88' lang='lat' dir='ltr'>et</span> <span class='ocrx_word' id='word_1_46' title='bbox 612 956 720 1041; x_wconf 81' lang='lat' dir='ltr'>plures</span> <span class='ocrx_word' id='word_1_47' title='bbox 740 955 818 1041; x_wconf 84' lang='lat' dir='ltr'>quis</span> <span class='ocrx_word' id='word_1_48' title='bbox 839 954 873 1019; x_wconf 94' lang='lat' dir='ltr'>in</span> <span class='ocrx_word' id='word_1_49' title='bbox 897 954 1056 1019; x_wconf 70' lang='lat' dir='ltr'>eleccione</span> <span class='ocrx_word' id='word_1_50' title='bbox 1079 954 1218 1019; x_wconf 74' lang='lat' dir='ltr'>Abbatis</span> <span class='ocrx_word' id='word_1_51' title='bbox 1241 968 1293 1019; x_wconf 86' lang='lat' dir='ltr'>est</span> <span class='ocrx_word' id='word_1_52' title='bbox 1318 970 1356 1021; x_wconf 92' lang='lat' dir='ltr'>et</span> 
     </span>
     <span class='ocr_line' id='line_1_7' title="bbox 240 1056 1357 1144; baseline -0.001 -20"><span class='ocrx_word' id='word_1_53' title='bbox 240 1082 309 1124; x_wconf 86' lang='lat' dir='ltr'>csse</span> <span class='ocrx_word' id='word_1_54' title='bbox 333 1058 433 1124; x_wconf 88' lang='lat' dir='ltr'>debet</span> <span class='ocrx_word' id='word_1_55' title='bbox 456 1069 491 1122; x_wconf 91' lang='lat' dir='ltr'>et</span> <span class='ocrx_word' id='word_1_56' title='bbox 514 1058 596 1122; x_wconf 83' lang='lat' dir='ltr'>sciet</span> <span class='ocrx_word' id='word_1_57' title='bbox 621 1056 662 1122; x_wconf 89' lang='lat' dir='ltr'>de</span> <span class='ocrx_word' id='word_1_58' title='bbox 687 1057 751 1123; x_wconf 75' lang='lat' dir='ltr'>inis</span> <span class='ocrx_word' id='word_1_59' title='bbox 774 1057 1062 1123; x_wconf 85' lang='lat' dir='ltr'>consuctudinibus</span> <span class='ocrx_word' id='word_1_60' title='bbox 1087 1057 1253 1144; x_wconf 77' lang='lat' dir='ltr'>capiendis</span> <span class='ocrx_word' id='word_1_61' title='bbox 1275 1080 1357 1123; x_wconf 82' lang='lat' dir='ltr'>com</span> 
     </span>
     <span class='ocr_line' id='line_1_8' title="bbox 242 1159 1356 1248; baseline 0 -22"><span class='ocrx_word' id='word_1_62' title='bbox 242 1161 385 1248; x_wconf 76' lang='lat' dir='ltr'>predicto</span> <span class='ocrx_word' id='word_1_63' title='bbox 408 1163 571 1226; x_wconf 81' lang='lat' dir='ltr'>frumento</span> <span class='ocrx_word' id='word_1_64' title='bbox 593 1159 646 1224; x_wconf 89' lang='lat' dir='ltr'>uel</span> <span class='ocrx_word' id='word_1_65' title='bbox 668 1159 796 1225; x_wconf 83' lang='lat' dir='ltr'>cosdem</span> <span class='ocrx_word' id='word_1_66' title='bbox 812 1159 1063 1226; x_wconf 84' lang='lat' dir='ltr'>consuetudines</span> <span class='ocrx_word' id='word_1_67' title='bbox 1076 1159 1264 1247; x_wconf 81' lang='lat' dir='ltr'>dupplicsre</span> <span class='ocrx_word' id='word_1_68' title='bbox 1280 1160 1356 1226; x_wconf 85' lang='lat' dir='ltr'>sine</span> 
     </span>
     <span class='ocr_line' id='line_1_9' title="bbox 241 1263 1357 1351; baseline -0.003 -21"><span class='ocrx_word' id='word_1_69' title='bbox 241 1268 412 1341; x_wconf 78' lang='lat' dir='ltr'>frumento,</span> <span class='ocrx_word' id='word_1_70' title='bbox 427 1264 493 1329; x_wconf 88' lang='lat' dir='ltr'>scil.</span> <span class='ocrx_word' id='word_1_71' title='bbox 510 1265 565 1329; x_wconf 89' lang='lat' dir='ltr'>ubi</span> <span class='ocrx_word' id='word_1_72' title='bbox 580 1264 744 1351; x_wconf 78' lang='lat' dir='ltr'>cognoscit</span> <span class='ocrx_word' id='word_1_73' title='bbox 760 1264 784 1350; x_wconf 92' lang='lat' dir='ltr'>j.</span> <span class='ocrx_word' id='word_1_74' title='bbox 801 1263 965 1329; x_wconf 86' lang='lat' dir='ltr'>bominem</span> <span class='ocrx_word' id='word_1_75' title='bbox 980 1263 1079 1329; x_wconf 89' lang='lat' dir='ltr'>debet</span> <span class='ocrx_word' id='word_1_76' title='bbox 1100 1264 1248 1329; x_wconf 77' lang='lat' dir='ltr'>inuenire</span> <span class='ocrx_word' id='word_1_77' title='bbox 1270 1264 1357 1330; x_wconf 76' lang='lat' dir='ltr'>dnm</span> 
     </span>
     <span class='ocr_line' id='line_1_10' title="bbox 241 1366 1353 1452; baseline -0.002 -19"><span class='ocrx_word' id='word_1_78' title='bbox 241 1380 276 1433; x_wconf 92' lang='lat' dir='ltr'>ct</span> <span class='ocrx_word' id='word_1_79' title='bbox 296 1368 342 1433; x_wconf 84' lang='lat' dir='ltr'>sic</span> <span class='ocrx_word' id='word_1_80' title='bbox 361 1367 402 1432; x_wconf 89' lang='lat' dir='ltr'>de</span> <span class='ocrx_word' id='word_1_81' title='bbox 428 1366 579 1431; x_wconf 85' lang='lat' dir='ltr'>omnibus</span> <span class='ocrx_word' id='word_1_82' title='bbox 604 1367 685 1441; x_wconf 87' lang='lat' dir='ltr'>oliis,</span> <span class='ocrx_word' id='word_1_83' title='bbox 708 1376 744 1431; x_wconf 90' lang='lat' dir='ltr'>et</span> <span class='ocrx_word' id='word_1_84' title='bbox 769 1379 917 1452; x_wconf 74' lang='lat' dir='ltr'>preterca</span> <span class='ocrx_word' id='word_1_85' title='bbox 941 1389 1005 1431; x_wconf 91' lang='lat' dir='ltr'>non</span> <span class='ocrx_word' id='word_1_86' title='bbox 1032 1377 1140 1452; x_wconf 86' lang='lat' dir='ltr'>potest</span> <span class='ocrx_word' id='word_1_87' title='bbox 1165 1366 1269 1431; x_wconf 82' lang='lat' dir='ltr'>tilium</span> <span class='ocrx_word' id='word_1_88' title='bbox 1298 1366 1353 1432; x_wconf 84' lang='lat' dir='ltr'>uel</span> 
     </span>
     <span class='ocr_line' id='line_1_11' title="bbox 242 1468 1351 1555; baseline 0 -20"><span class='ocrx_word' id='word_1_89' title='bbox 242 1470 341 1535; x_wconf 76' lang='lat' dir='ltr'>filiam</span> <span class='ocrx_word' id='word_1_90' title='bbox 365 1469 516 1534; x_wconf 79' lang='lat' dir='ltr'>meritone</span> <span class='ocrx_word' id='word_1_91' title='bbox 538 1470 607 1533; x_wconf 86' lang='lat' dir='ltr'>sine</span> <span class='ocrx_word' id='word_1_92' title='bbox 632 1469 765 1533; x_wconf 74' lang='lat' dir='ltr'>licencia</span> <span class='ocrx_word' id='word_1_93' title='bbox 785 1468 932 1543; x_wconf 83' lang='lat' dir='ltr'>Abbotis,</span> <span class='ocrx_word' id='word_1_94' title='bbox 947 1482 982 1533; x_wconf 88' lang='lat' dir='ltr'>ct</span> <span class='ocrx_word' id='word_1_95' title='bbox 997 1469 1083 1555; x_wconf 89' lang='lat' dir='ltr'>quod</span> <span class='ocrx_word' id='word_1_96' title='bbox 1099 1481 1206 1555; x_wconf 83' lang='lat' dir='ltr'>potest</span> <span class='ocrx_word' id='word_1_97' title='bbox 1221 1469 1351 1535; x_wconf 70' lang='lat' dir='ltr'>talliam</span> 
     </span>
     <span class='ocr_line' id='line_1_12' title="bbox 242 1571 1353 1661; baseline 0.001 -23"><span class='ocrx_word' id='word_1_98' title='bbox 242 1573 349 1661; x_wconf 87' lang='lat' dir='ltr'>ipsum</span> <span class='ocrx_word' id='word_1_99' title='bbox 372 1573 468 1637; x_wconf 83' lang='lat' dir='ltr'>simul</span> <span class='ocrx_word' id='word_1_100' title='bbox 491 1594 565 1638; x_wconf 77' lang='lat' dir='ltr'>cuni</span> <span class='ocrx_word' id='word_1_101' title='bbox 588 1572 661 1637; x_wconf 83' lang='lat' dir='ltr'>siiis</span> <span class='ocrx_word' id='word_1_102' title='bbox 684 1571 869 1637; x_wconf 85' lang='lat' dir='ltr'>hominibus</span> <span class='ocrx_word' id='word_1_103' title='bbox 890 1571 1034 1637; x_wconf 74' lang='lat' dir='ltr'>eiusdem</span> <span class='ocrx_word' id='word_1_104' title='bbox 1051 1573 1138 1649; x_wconf 83' lang='lat' dir='ltr'>uilie,</span> <span class='ocrx_word' id='word_1_105' title='bbox 1152 1584 1187 1636; x_wconf 88' lang='lat' dir='ltr'>ct</span> <span class='ocrx_word' id='word_1_106' title='bbox 1202 1582 1353 1659; x_wconf 65' lang='lat' dir='ltr'>pretereo</span> 
     </span>
     <span class='ocr_line' id='line_1_13' title="bbox 241 1675 1350 1762; baseline -0.001 -20"><span class='ocrx_word' id='word_1_107' title='bbox 241 1678 348 1742; x_wconf 85' lang='lat' dir='ltr'>sinon</span> <span class='ocrx_word' id='word_1_108' title='bbox 364 1677 422 1741; x_wconf 84' lang='lat' dir='ltr'>dot</span> <span class='ocrx_word' id='word_1_109' title='bbox 442 1679 641 1742; x_wconf 83' lang='lat' dir='ltr'>frumentum</span> <span class='ocrx_word' id='word_1_110' title='bbox 664 1676 750 1741; x_wconf 88' lang='lat' dir='ltr'>ouile</span> <span class='ocrx_word' id='word_1_111' title='bbox 771 1677 832 1741; x_wconf 86' lang='lat' dir='ltr'>ibit</span> <span class='ocrx_word' id='word_1_112' title='bbox 846 1698 945 1762; x_wconf 84' lang='lat' dir='ltr'>super</span> <span class='ocrx_word' id='word_1_113' title='bbox 960 1687 1078 1741; x_wconf 78' lang='lat' dir='ltr'>terrem</span> <span class='ocrx_word' id='word_1_114' title='bbox 1094 1675 1217 1741; x_wconf 84' lang='lat' dir='ltr'>domini</span> <span class='ocrx_word' id='word_1_115' title='bbox 1232 1676 1299 1743; x_wconf 83' lang='lat' dir='ltr'>sui⁸</span> <span class='ocrx_word' id='word_1_116' title='bbox 1315 1692 1350 1741; x_wconf 83' lang='lat' dir='ltr'>et</span> 
     </span>
     <span class='ocr_line' id='line_1_14' title="bbox 242 1777 1352 1868; baseline 0 -22"><span class='ocrx_word' id='word_1_117' title='bbox 242 1781 328 1868; x_wconf 88' lang='lat' dir='ltr'>qood</span> <span class='ocrx_word' id='word_1_118' title='bbox 355 1781 436 1846; x_wconf 80' lang='lat' dir='ltr'>tales</span> <span class='ocrx_word' id='word_1_119' title='bbox 461 1780 559 1845; x_wconf 80' lang='lat' dir='ltr'>debet</span> <span class='ocrx_word' id='word_1_120' title='bbox 589 1777 839 1844; x_wconf 86' lang='lat' dir='ltr'>consuetudines</span> <span class='ocrx_word' id='word_1_121' title='bbox 867 1779 963 1843; x_wconf 84' lang='lat' dir='ltr'>offert</span> <span class='ocrx_word' id='word_1_122' title='bbox 989 1779 1124 1864; x_wconf 80' lang='lat' dir='ltr'>prebere</span> <span class='ocrx_word' id='word_1_123' title='bbox 1148 1779 1235 1845; x_wconf 87' lang='lat' dir='ltr'>sicut</span> <span class='ocrx_word' id='word_1_124' title='bbox 1260 1781 1352 1846; x_wconf 72' lang='lat' dir='ltr'>curi·</span> 
     </span>
     <span class='ocr_line' id='line_1_15' title="bbox 241 1886 500 1951; baseline -0.008 0"><span class='ocrx_word' id='word_1_125' title='bbox 241 1886 500 1951; x_wconf 79' lang='lat' dir='ltr'>considerauerit.</span> 
     </span>
    </p>

    <p class='ocr_par' dir='ltr' id='par_1_4' title="bbox 241 1988 1352 2800">
     <span class='ocr_line' id='line_1_16' title="bbox 308 1988 1349 2076; baseline 0 -21"><span class='ocrx_word' id='word_1_126' title='bbox 308 1990 350 2055; x_wconf 80' lang='lat' dir='ltr'>Et</span> <span class='ocrx_word' id='word_1_127' title='bbox 366 1989 549 2054; x_wconf 79' lang='lat' dir='ltr'>willelmus</span> <span class='ocrx_word' id='word_1_128' title='bbox 565 1988 624 2054; x_wconf 89' lang='lat' dir='ltr'>hoc</span> <span class='ocrx_word' id='word_1_129' title='bbox 638 1988 783 2054; x_wconf 78' lang='lat' dir='ltr'>defendit</span> <span class='ocrx_word' id='word_1_130' title='bbox 799 2001 833 2053; x_wconf 91' lang='lat' dir='ltr'>et</span> <span class='ocrx_word' id='word_1_131' title='bbox 848 1989 932 2054; x_wconf 90' lang='lat' dir='ltr'>bene</span> <span class='ocrx_word' id='word_1_132' title='bbox 949 1990 1111 2075; x_wconf 76' lang='lat' dir='ltr'>cognoscit</span> <span class='ocrx_word' id='word_1_133' title='bbox 1131 1988 1218 2076; x_wconf 87' lang='lat' dir='ltr'>qood</span> <span class='ocrx_word' id='word_1_134' title='bbox 1239 1990 1349 2055; x_wconf 75' lang='lat' dir='ltr'>Muri-</span> 
     </span>
     <span class='ocr_line' id='line_1_17' title="bbox 241 2093 1350 2179; baseline -0.001 -20"><span class='ocrx_word' id='word_1_135' title='bbox 241 2117 299 2159; x_wconf 87' lang='lat' dir='ltr'>cus</span> <span class='ocrx_word' id='word_1_136' title='bbox 323 2095 385 2159; x_wconf 78' lang='lat' dir='ltr'>suit</span> <span class='ocrx_word' id='word_1_137' title='bbox 407 2116 489 2158; x_wconf 84' lang='lat' dir='ltr'>suus</span> <span class='ocrx_word' id='word_1_138' title='bbox 509 2115 587 2157; x_wconf 87' lang='lat' dir='ltr'>suus</span> <span class='ocrx_word' id='word_1_139' title='bbox 610 2104 644 2158; x_wconf 91' lang='lat' dir='ltr'>ct</span> <span class='ocrx_word' id='word_1_140' title='bbox 671 2095 771 2158; x_wconf 77' lang='lat' dir='ltr'>freter</span> <span class='ocrx_word' id='word_1_141' title='bbox 795 2093 932 2179; x_wconf 72' lang='lat' dir='ltr'>predicti</span> <span class='ocrx_word' id='word_1_142' title='bbox 958 2093 1103 2171; x_wconf 73' lang='lat' dir='ltr'>Mundi,</span> <span class='ocrx_word' id='word_1_143' title='bbox 1127 2105 1178 2159; x_wconf 88' lang='lat' dir='ltr'>set</span> <span class='ocrx_word' id='word_1_144' title='bbox 1203 2093 1350 2160; x_wconf 79' lang='lat' dir='ltr'>defendit</span> 
     </span>
     <span class='ocr_line' id='line_1_18' title="bbox 242 2195 1348 2283; baseline 0.004 -23"><span class='ocrx_word' id='word_1_145' title='bbox 242 2196 441 2283; x_wconf 81' lang='lat' dir='ltr'>uilensgium</span> <span class='ocrx_word' id='word_1_146' title='bbox 464 2196 549 2260; x_wconf 88' lang='lat' dir='ltr'>sicot</span> <span class='ocrx_word' id='word_1_147' title='bbox 573 2195 668 2282; x_wconf 71' lang='lat' dir='ltr'>priua</span> <span class='ocrx_word' id='word_1_148' title='bbox 714 2195 758 2260; x_wconf 87' lang='lat' dir='ltr'>Et</span> <span class='ocrx_word' id='word_1_149' title='bbox 781 2196 929 2282; x_wconf 81' lang='lat' dir='ltr'>quesitus</span> <span class='ocrx_word' id='word_1_150' title='bbox 950 2197 977 2262; x_wconf 89' lang='lat' dir='ltr'>si</span> <span class='ocrx_word' id='word_1_151' title='bbox 998 2196 1084 2283; x_wconf 87' lang='lat' dir='ltr'>qnod</span> <span class='ocrx_word' id='word_1_152' title='bbox 1105 2198 1264 2264; x_wconf 77' lang='lat' dir='ltr'>auxilium</span> <span class='ocrx_word' id='word_1_153' title='bbox 1289 2221 1348 2264; x_wconf 87' lang='lat' dir='ltr'>un·</span> 
     </span>
     <span class='ocr_line' id='line_1_19' title="bbox 241 2299 1350 2389; baseline 0.001 -23"><span class='ocrx_word' id='word_1_154' title='bbox 241 2323 338 2389; x_wconf 77' lang='lat' dir='ltr'>quom</span> <span class='ocrx_word' id='word_1_155' title='bbox 361 2300 453 2366; x_wconf 85' lang='lat' dir='ltr'>dedit</span> <span class='ocrx_word' id='word_1_156' title='bbox 475 2322 549 2364; x_wconf 85' lang='lat' dir='ltr'>curn</span> <span class='ocrx_word' id='word_1_157' title='bbox 569 2299 755 2365; x_wconf 86' lang='lat' dir='ltr'>horninibus</span> <span class='ocrx_word' id='word_1_158' title='bbox 770 2300 915 2366; x_wconf 85' lang='lat' dir='ltr'>eiusdem</span> <span class='ocrx_word' id='word_1_159' title='bbox 931 2300 1009 2367; x_wconf 85' lang='lat' dir='ltr'>uiilc</span> <span class='ocrx_word' id='word_1_160' title='bbox 1024 2300 1103 2367; x_wconf 86' lang='lat' dir='ltr'>dicit</span> <span class='ocrx_word' id='word_1_161' title='bbox 1118 2301 1204 2389; x_wconf 90' lang='lat' dir='ltr'>quod</span> <span class='ocrx_word' id='word_1_162' title='bbox 1219 2325 1284 2368; x_wconf 90' lang='lat' dir='ltr'>non</span> <span class='ocrx_word' id='word_1_163' title='bbox 1299 2318 1350 2367; x_wconf 85' lang='lat' dir='ltr'>set</span> 
     </span>
     <span class='ocr_line' id='line_1_20' title="bbox 241 2403 1351 2493; baseline 0.002 -24"><span class='ocrx_word' id='word_1_164' title='bbox 241 2404 310 2491; x_wconf 89' lang='lat' dir='ltr'>ipse</span> <span class='ocrx_word' id='word_1_165' title='bbox 321 2417 355 2468; x_wconf 89' lang='lat' dir='ltr'>et</span> <span class='ocrx_word' id='word_1_166' title='bbox 368 2426 452 2468; x_wconf 87' lang='lat' dir='ltr'>unus</span> <span class='ocrx_word' id='word_1_167' title='bbox 463 2403 547 2468; x_wconf 78' lang='lat' dir='ltr'>eiius</span> <span class='ocrx_word' id='word_1_168' title='bbox 562 2403 643 2469; x_wconf 90' lang='lat' dir='ltr'>libcr</span> <span class='ocrx_word' id='word_1_169' title='bbox 655 2404 750 2468; x_wconf 89' lang='lat' dir='ltr'>homo</span> <span class='ocrx_word' id='word_1_170' title='bbox 759 2404 904 2470; x_wconf 86' lang='lat' dir='ltr'>eiusdem</span> <span class='ocrx_word' id='word_1_171' title='bbox 914 2405 992 2470; x_wconf 87' lang='lat' dir='ltr'>oilie</span> <span class='ocrx_word' id='word_1_172' title='bbox 1003 2404 1163 2471; x_wconf 87' lang='lat' dir='ltr'>dederont</span> <span class='ocrx_word' id='word_1_173' title='bbox 1175 2405 1351 2493; x_wconf 70' lang='lat' dir='ltr'>aliquando</span> 
     </span>
     <span class='ocr_line' id='line_1_21' title="bbox 241 2507 1352 2595; baseline 0 -23"><span class='ocrx_word' id='word_1_174' title='bbox 241 2507 399 2572; x_wconf 71' lang='lat' dir='ltr'>auxilium</span> <span class='ocrx_word' id='word_1_175' title='bbox 416 2530 473 2593; x_wconf 87' lang='lat' dir='ltr'>per</span> <span class='ocrx_word' id='word_1_176' title='bbox 488 2507 691 2572; x_wconf 81' lang='lat' dir='ltr'>uoluntatem</span> <span class='ocrx_word' id='word_1_177' title='bbox 715 2530 807 2572; x_wconf 85' lang='lat' dir='ltr'>suom</span> <span class='ocrx_word' id='word_1_178' title='bbox 828 2520 864 2572; x_wconf 88' lang='lat' dir='ltr'>et</span> <span class='ocrx_word' id='word_1_179' title='bbox 878 2530 942 2572; x_wconf 90' lang='lat' dir='ltr'>non</span> <span class='ocrx_word' id='word_1_180' title='bbox 957 2507 998 2573; x_wconf 91' lang='lat' dir='ltr'>dc</span> <span class='ocrx_word' id='word_1_181' title='bbox 1013 2508 1091 2584; x_wconf 86' lang='lat' dir='ltr'>iure,</span> <span class='ocrx_word' id='word_1_182' title='bbox 1106 2519 1141 2572; x_wconf 91' lang='lat' dir='ltr'>et</span> <span class='ocrx_word' id='word_1_183' title='bbox 1155 2507 1243 2594; x_wconf 92' lang='lat' dir='ltr'>quod</span> <span class='ocrx_word' id='word_1_184' title='bbox 1258 2520 1352 2595; x_wconf 70' lang='lat' dir='ltr'>poter</span> 
     </span>
     <span class='ocr_line' id='line_1_22' title="bbox 241 2609 1350 2697; baseline -0.001 -21"><span class='ocrx_word' id='word_1_185' title='bbox 241 2633 319 2676; x_wconf 85' lang='lat' dir='ltr'>sous</span> <span class='ocrx_word' id='word_1_186' title='bbox 352 2610 526 2697; x_wconf 70' lang='lat' dir='ltr'>aliquando</span> <span class='ocrx_word' id='word_1_187' title='bbox 554 2609 647 2675; x_wconf 76' lang='lat' dir='ltr'>dedit</span> <span class='ocrx_word' id='word_1_188' title='bbox 675 2610 843 2687; x_wconf 77' lang='lat' dir='ltr'>auxilium,</span> <span class='ocrx_word' id='word_1_189' title='bbox 875 2620 910 2675; x_wconf 89' lang='lat' dir='ltr'>et</span> <span class='ocrx_word' id='word_1_190' title='bbox 939 2609 1025 2696; x_wconf 84' lang='lat' dir='ltr'>quod</span> <span class='ocrx_word' id='word_1_191' title='bbox 1053 2610 1221 2675; x_wconf 83' lang='lat' dir='ltr'>Jobsnnes</span> <span class='ocrx_word' id='word_1_192' title='bbox 1250 2610 1350 2678; x_wconf 79' lang='lat' dir='ltr'>bsbct</span> 
     </span>
     <span class='ocr_line' id='line_1_23' title="bbox 242 2712 655 2800; baseline -0.002 -21"><span class='ocrx_word' id='word_1_193' title='bbox 242 2724 359 2779; x_wconf 78' lang='lat' dir='ltr'>terrem</span> <span class='ocrx_word' id='word_1_194' title='bbox 376 2736 439 2800; x_wconf 89' lang='lat' dir='ltr'>que</span> <span class='ocrx_word' id='word_1_195' title='bbox 455 2713 519 2778; x_wconf 82' lang='lat' dir='ltr'>suit</span> <span class='ocrx_word' id='word_1_196' title='bbox 534 2712 655 2778; x_wconf 78' lang='lat' dir='ltr'>Alordi</span> 
     </span>
    </p>

    <p class='ocr_par' dir='ltr' id='par_1_5' title="bbox 241 2816 1350 3714">
     <span class='ocr_line' id='line_1_24' title="bbox 307 2816 1350 2905; baseline 0.002 -22"><span class='ocrx_word' id='word_1_197' title='bbox 307 2818 351 2883; x_wconf 86' lang='lat' dir='ltr'>Et</span> <span class='ocrx_word' id='word_1_198' title='bbox 371 2818 449 2904; x_wconf 84' lang='lat' dir='ltr'>quis</span> <span class='ocrx_word' id='word_1_199' title='bbox 470 2817 556 2883; x_wconf 88' lang='lat' dir='ltr'>idem</span> <span class='ocrx_word' id='word_1_200' title='bbox 573 2816 757 2882; x_wconf 73' lang='lat' dir='ltr'>willelmus</span> <span class='ocrx_word' id='word_1_201' title='bbox 778 2818 942 2904; x_wconf 76' lang='lat' dir='ltr'>cognoscit</span> <span class='ocrx_word' id='word_1_202' title='bbox 963 2817 1051 2905; x_wconf 90' lang='lat' dir='ltr'>quod</span> <span class='ocrx_word' id='word_1_203' title='bbox 1072 2841 1184 2884; x_wconf 88' lang='lat' dir='ltr'>omnes</span> <span class='ocrx_word' id='word_1_204' title='bbox 1204 2819 1350 2885; x_wconf 82' lang='lat' dir='ltr'>homines</span> 
     </span>
     <span class='ocr_line' id='line_1_25' title="bbox 241 2920 1349 3009; baseline 0.002 -23"><span class='ocrx_word' id='word_1_205' title='bbox 241 2920 386 2986; x_wconf 79' lang='lat' dir='ltr'>eiusdem</span> <span class='ocrx_word' id='word_1_206' title='bbox 414 2921 492 2986; x_wconf 86' lang='lat' dir='ltr'>uille</span> <span class='ocrx_word' id='word_1_207' title='bbox 518 2932 595 2985; x_wconf 86' lang='lat' dir='ltr'>sunt</span> <span class='ocrx_word' id='word_1_208' title='bbox 623 2920 737 2986; x_wconf 84' lang='lat' dir='ltr'>uillsni</span> <span class='ocrx_word' id='word_1_209' title='bbox 763 2931 900 3007; x_wconf 85' lang='lat' dir='ltr'>excepto</span> <span class='ocrx_word' id='word_1_210' title='bbox 926 2943 991 2986; x_wconf 84' lang='lat' dir='ltr'>uno</span> <span class='ocrx_word' id='word_1_211' title='bbox 1016 2933 1050 2987; x_wconf 90' lang='lat' dir='ltr'>et</span> <span class='ocrx_word' id='word_1_212' title='bbox 1074 2922 1238 3009; x_wconf 72' lang='lat' dir='ltr'>cognoscit</span> <span class='ocrx_word' id='word_1_213' title='bbox 1263 2921 1349 3008; x_wconf 87' lang='lat' dir='ltr'>quod</span> 
     </span>
     <span class='ocr_line' id='line_1_26' title="bbox 244 3023 1350 3112; baseline 0.002 -22"><span class='ocrx_word' id='word_1_214' title='bbox 244 3025 463 3090; x_wconf 75' lang='lat' dir='ltr'>eommunicet</span> <span class='ocrx_word' id='word_1_215' title='bbox 493 3047 567 3089; x_wconf 86' lang='lat' dir='ltr'>curn</span> <span class='ocrx_word' id='word_1_216' title='bbox 597 3023 645 3088; x_wconf 88' lang='lat' dir='ltr'>cis</span> <span class='ocrx_word' id='word_1_217' title='bbox 674 3024 708 3089; x_wconf 92' lang='lat' dir='ltr'>in</span> <span class='ocrx_word' id='word_1_218' title='bbox 738 3024 889 3089; x_wconf 86' lang='lat' dir='ltr'>omnibus</span> <span class='ocrx_word' id='word_1_219' title='bbox 921 3025 1073 3111; x_wconf 72' lang='lat' dir='ltr'>predictis</span> <span class='ocrx_word' id='word_1_220' title='bbox 1107 3027 1350 3112; x_wconf 69' lang='lat' dir='ltr'>operacionibus</span> 
     </span>
     <span class='ocr_line' id='line_1_27' title="bbox 242 3128 1349 3217; baseline 0.001 -23"><span class='ocrx_word' id='word_1_221' title='bbox 242 3128 396 3194; x_wconf 74' lang='lat' dir='ltr'>faciendis</span> <span class='ocrx_word' id='word_1_222' title='bbox 417 3138 452 3193; x_wconf 88' lang='lat' dir='ltr'>ct</span> <span class='ocrx_word' id='word_1_223' title='bbox 473 3128 514 3194; x_wconf 87' lang='lat' dir='ltr'>de</span> <span class='ocrx_word' id='word_1_224' title='bbox 537 3128 633 3192; x_wconf 81' lang='lat' dir='ltr'>reboo</span> <span class='ocrx_word' id='word_1_225' title='bbox 654 3128 804 3193; x_wconf 86' lang='lat' dir='ltr'>similiter</span> <span class='ocrx_word' id='word_1_226' title='bbox 819 3151 893 3193; x_wconf 86' lang='lat' dir='ltr'>cum</span> <span class='ocrx_word' id='word_1_227' title='bbox 908 3129 1030 3195; x_wconf 86' lang='lat' dir='ltr'>eisdem</span> <span class='ocrx_word' id='word_1_228' title='bbox 1046 3129 1213 3216; x_wconf 70' lang='lat' dir='ltr'>capiendis</span> <span class='ocrx_word' id='word_1_229' title='bbox 1228 3141 1262 3195; x_wconf 89' lang='lat' dir='ltr'>et</span> <span class='ocrx_word' id='word_1_230' title='bbox 1279 3153 1349 3217; x_wconf 80' lang='lat' dir='ltr'>prc-</span> 
     </span>
     <span class='ocr_line' id='line_1_28' title="bbox 242 3228 1348 3318; baseline 0.002 -23"><span class='ocrx_word' id='word_1_231' title='bbox 242 3244 332 3296; x_wconf 81' lang='lat' dir='ltr'>tercs</span> <span class='ocrx_word' id='word_1_232' title='bbox 353 3229 517 3317; x_wconf 74' lang='lat' dir='ltr'>cognoscit</span> <span class='ocrx_word' id='word_1_233' title='bbox 536 3228 623 3314; x_wconf 86' lang='lat' dir='ltr'>quod</span> <span class='ocrx_word' id='word_1_234' title='bbox 639 3228 791 3294; x_wconf 74' lang='lat' dir='ltr'>Alaricus</span> <span class='ocrx_word' id='word_1_235' title='bbox 806 3229 869 3294; x_wconf 78' lang='lat' dir='ltr'>snit</span> <span class='ocrx_word' id='word_1_236' title='bbox 884 3253 967 3295; x_wconf 83' lang='lat' dir='ltr'>suus</span> <span class='ocrx_word' id='word_1_237' title='bbox 980 3253 1060 3295; x_wconf 86' lang='lat' dir='ltr'>suus</span> <span class='ocrx_word' id='word_1_238' title='bbox 1074 3244 1108 3296; x_wconf 92' lang='lat' dir='ltr'>ct</span> <span class='ocrx_word' id='word_1_239' title='bbox 1124 3230 1210 3317; x_wconf 87' lang='lat' dir='ltr'>quod</span> <span class='ocrx_word' id='word_1_240' title='bbox 1226 3232 1348 3318; x_wconf 86' lang='lat' dir='ltr'>predic·</span> 
     </span>
     <span class='ocr_line' id='line_1_29' title="bbox 242 3335 1350 3423; baseline -0.001 -21"><span class='ocrx_word' id='word_1_241' title='bbox 242 3349 296 3402; x_wconf 88' lang='lat' dir='ltr'>tus</span> <span class='ocrx_word' id='word_1_242' title='bbox 306 3336 473 3402; x_wconf 80' lang='lat' dir='ltr'>Johsnnes</span> <span class='ocrx_word' id='word_1_243' title='bbox 489 3335 588 3400; x_wconf 78' lang='lat' dir='ltr'>hebet</span> <span class='ocrx_word' id='word_1_244' title='bbox 604 3346 721 3400; x_wconf 74' lang='lat' dir='ltr'>terrain</span> <span class='ocrx_word' id='word_1_245' title='bbox 737 3359 800 3423; x_wconf 87' lang='lat' dir='ltr'>que</span> <span class='ocrx_word' id='word_1_246' title='bbox 816 3337 879 3402; x_wconf 81' lang='lat' dir='ltr'>suit</span> <span class='ocrx_word' id='word_1_247' title='bbox 896 3336 1021 3402; x_wconf 80' lang='lat' dir='ltr'>Ailordi</span> <span class='ocrx_word' id='word_1_248' title='bbox 1033 3348 1066 3402; x_wconf 89' lang='lat' dir='ltr'>et</span> <span class='ocrx_word' id='word_1_249' title='bbox 1078 3336 1163 3423; x_wconf 86' lang='lat' dir='ltr'>quod</span> <span class='ocrx_word' id='word_1_250' title='bbox 1179 3348 1350 3423; x_wconf 69' lang='lat' dir='ltr'>pistnstos</span> 
     </span>
     <span class='ocr_line' id='line_1_30' title="bbox 242 3440 1349 3529; baseline -0.001 -21"><span class='ocrx_word' id='word_1_251' title='bbox 242 3440 331 3518; x_wconf 63' lang='lat' dir='ltr'>suiv,</span> <span class='ocrx_word' id='word_1_252' title='bbox 355 3464 414 3507; x_wconf 89' lang='lat' dir='ltr'>nco</span> <span class='ocrx_word' id='word_1_253' title='bbox 437 3440 561 3527; x_wconf 83' lang='lat' dir='ltr'>oiiquid</span> <span class='ocrx_word' id='word_1_254' title='bbox 585 3440 684 3507; x_wconf 82' lang='lat' dir='ltr'>hebet</span> <span class='ocrx_word' id='word_1_255' title='bbox 708 3441 749 3506; x_wconf 92' lang='lat' dir='ltr'>de</span> <span class='ocrx_word' id='word_1_256' title='bbox 773 3442 924 3507; x_wconf 76' lang='lat' dir='ltr'>libertate</span> <span class='ocrx_word' id='word_1_257' title='bbox 949 3440 1123 3529; x_wconf 79' lang='lat' dir='ltr'>pmbonds,</span> <span class='ocrx_word' id='word_1_258' title='bbox 1144 3463 1204 3506; x_wconf 88' lang='lat' dir='ltr'>nec</span> <span class='ocrx_word' id='word_1_259' title='bbox 1226 3441 1349 3529; x_wconf 83' lang='lat' dir='ltr'>sliqnid</span> 
     </span>
     <span class='ocr_line' id='line_1_31' title="bbox 242 3542 1349 3631; baseline 0.002 -23"><span class='ocrx_word' id='word_1_260' title='bbox 242 3553 347 3619; x_wconf 76' lang='lat' dir='ltr'>uocet,</span> <span class='ocrx_word' id='word_1_261' title='bbox 361 3542 599 3609; x_wconf 75' lang='lat' dir='ltr'>consideratum</span> <span class='ocrx_word' id='word_1_262' title='bbox 619 3555 669 3609; x_wconf 86' lang='lat' dir='ltr'>est</span> <span class='ocrx_word' id='word_1_263' title='bbox 689 3543 776 3631; x_wconf 70' lang='lat' dir='ltr'>‹puod</span> <span class='ocrx_word' id='word_1_264' title='bbox 799 3545 910 3610; x_wconf 80' lang='lat' dir='ltr'>Abbon</span> <span class='ocrx_word' id='word_1_265' title='bbox 931 3543 1161 3610; x_wconf 84' lang='lat' dir='ltr'>disrncionooit</span> <span class='ocrx_word' id='word_1_266' title='bbox 1183 3543 1255 3608; x_wconf 76' lang='lat' dir='ltr'>illos</span> <span class='ocrx_word' id='word_1_267' title='bbox 1276 3566 1349 3610; x_wconf 78' lang='lat' dir='ltr'>con·</span> 
     </span>
     <span class='ocr_line' id='line_1_32' title="bbox 242 3645 1251 3714; baseline -0.001 0"><span class='ocrx_word' id='word_1_268' title='bbox 242 3645 431 3714; x_wconf 83' lang='lat' dir='ltr'>suetudines</span> <span class='ocrx_word' id='word_1_269' title='bbox 446 3658 479 3711; x_wconf 89' lang='lat' dir='ltr'>et</span> <span class='ocrx_word' id='word_1_270' title='bbox 497 3646 681 3712; x_wconf 80' lang='lat' dir='ltr'>Willclrnns</span> <span class='ocrx_word' id='word_1_271' title='bbox 695 3648 738 3713; x_wconf 87' lang='lat' dir='ltr'>sit</span> <span class='ocrx_word' id='word_1_272' title='bbox 754 3649 895 3713; x_wconf 84' lang='lat' dir='ltr'>uiiinnus</span> <span class='ocrx_word' id='word_1_273' title='bbox 909 3662 943 3713; x_wconf 90' lang='lat' dir='ltr'>et</span> <span class='ocrx_word' id='word_1_274' title='bbox 959 3649 991 3713; x_wconf 93' lang='lat' dir='ltr'>in</span> <span class='ocrx_word' id='word_1_275' title='bbox 1008 3645 1251 3713; x_wconf 52' lang='lat' dir='ltr'>misericordie&amp;</span> 
     </span>
    </p>

    <p class='ocr_par' dir='ltr' id='par_1_6' title="bbox 113 3750 1352 3943">
     <span class='ocr_line' id='line_1_33' title="bbox 113 3750 1352 3839; baseline 0.002 -23"><span class='ocrx_word' id='word_1_276' title='bbox 113 3774 205 3839; x_wconf 43' lang='lat'><strong>1000·</strong></span> <span class='ocrx_word' id='word_1_277' title='bbox 310 3750 468 3816; x_wconf 79' lang='lat' dir='ltr'>deulstrs</span> <span class='ocrx_word' id='word_1_278' title='bbox 497 3750 538 3816; x_wconf 94' lang='lat' dir='ltr'>de</span> <span class='ocrx_word' id='word_1_279' title='bbox 564 3751 655 3838; x_wconf 73' lang='lat' dir='ltr'>Toup</span> <span class='ocrx_word' id='word_1_280' title='bbox 680 3774 738 3838; x_wconf 89' lang='lat' dir='ltr'>per</span> <span class='ocrx_word' id='word_1_281' title='bbox 766 3765 967 3818; x_wconf 78' lang='lat' dir='ltr'>ettonistom</span> <span class='ocrx_word' id='word_1_282' title='bbox 997 3774 1092 3816; x_wconf 74' lang='lat' dir='ltr'>sutrin</span> <span class='ocrx_word' id='word_1_283' title='bbox 1123 3750 1207 3836; x_wconf 84' lang='lat' dir='ltr'>petit</span> <span class='ocrx_word' id='word_1_284' title='bbox 1238 3773 1352 3818; x_wconf 76' lang='lat' dir='ltr'>uersos</span> 
     </span>
     <span class='ocr_line' id='line_1_34' title="bbox 126 3854 1350 3943; baseline 0.006 -28"><span class='ocrx_word' id='word_1_285' title='bbox 126 3876 189 3915; x_wconf 62' lang='lat' dir='ltr'>sus</span> <span class='ocrx_word' id='word_1_286' title='bbox 244 3855 409 3923; x_wconf 86' lang='lat' dir='ltr'>Simonem</span> <span class='ocrx_word' id='word_1_287' title='bbox 446 3854 487 3918; x_wconf 88' lang='lat' dir='ltr'>de</span> <span class='ocrx_word' id='word_1_288' title='bbox 525 3855 692 3941; x_wconf 83' lang='lat' dir='ltr'>Skcringe&#39;</span> <span class='ocrx_word' id='word_1_289' title='bbox 721 3857 807 3943; x_wconf 63' lang='lat' dir='ltr'>quid</span> <span class='ocrx_word' id='word_1_290' title='bbox 844 3858 1013 3943; x_wconf 83' lang='lat' dir='ltr'>pcnnittot</span> <span class='ocrx_word' id='word_1_291' title='bbox 1051 3879 1126 3920; x_wconf 79' lang='lat' dir='ltr'>enin</span> <span class='ocrx_word' id='word_1_292' title='bbox 1164 3872 1350 3942; x_wconf 70' lang='lat' dir='ltr'>pneentue</span> 
     </span>
    </p>
   </div>
   <div class='ocr_carea' id='block_1_3' title="bbox 243 4067 1350 4457">
    <p class='ocr_par' dir='ltr' id='par_1_7' title="bbox 243 4067 1350 4457">
     <span class='ocr_line' id='line_1_35' title="bbox 278 4067 1349 4129; baseline 0.003 -11"><span class='ocrx_word' id='word_1_293' title='bbox 278 4067 358 4118; x_wconf 55' lang='grc' dir='ltr'>’Ὧν</span> <span class='ocrx_word' id='word_1_294' title='bbox 377 4067 431 4117; x_wconf 67' lang='lat' dir='ltr'>MS.</span> <span class='ocrx_word' id='word_1_295' title='bbox 458 4068 480 4117; x_wconf 80' lang='lat' dir='ltr'>is</span> <span class='ocrx_word' id='word_1_296' title='bbox 501 4070 576 4119; x_wconf 73' lang='lat' dir='ltr'>cleu.</span> <span class='ocrx_word' id='word_1_297' title='bbox 612 4069 622 4118; x_wconf 87' lang='lat'>1</span> <span class='ocrx_word' id='word_1_298' title='bbox 647 4070 711 4121; x_wconf 73' lang='lat' dir='ltr'>hsce</span> <span class='ocrx_word' id='word_1_299' title='bbox 734 4086 768 4121; x_wconf 87' lang='lat' dir='ltr'>no</span> <span class='ocrx_word' id='word_1_300' title='bbox 819 4076 904 4123; x_wconf 74' lang='lat' dir='ltr'>notus</span> <span class='ocrx_word' id='word_1_301' title='bbox 920 4071 942 4121; x_wconf 79' lang='lat' dir='ltr'>&#39;u</span> <span class='ocrx_word' id='word_1_302' title='bbox 957 4068 1184 4129; x_wconf 64' lang='lat' dir='ltr'>decidettiiooab</span> <span class='ocrx_word' id='word_1_303' title='bbox 1202 4069 1247 4118; x_wconf 77' lang='lat' dir='ltr'>the</span> <span class='ocrx_word' id='word_1_304' title='bbox 1262 4078 1349 4121; x_wconf 64' lang='lat' dir='ltr'>sam</span> 
     </span>
     <span class='ocr_line' id='line_1_36' title="bbox 243 4133 1350 4209; baseline 0.003 -26"><span class='ocrx_word' id='word_1_305' title='bbox 243 4146 274 4183; x_wconf 78' lang='lat' dir='ltr'>u</span> <span class='ocrx_word' id='word_1_306' title='bbox 356 4133 420 4184; x_wconf 79' lang='lat' dir='ltr'>oon.</span> <span class='ocrx_word' id='word_1_307' title='bbox 821 4138 845 4187; x_wconf 82' lang='lat' dir='ltr'>is</span> <span class='ocrx_word' id='word_1_308' title='bbox 867 4137 906 4186; x_wconf 75' lang='lat' dir='ltr'>tor</span> <span class='ocrx_word' id='word_1_309' title='bbox 927 4142 1044 4185; x_wconf 71' lang='lat' dir='ltr'>custodis</span> <span class='ocrx_word' id='word_1_310' title='bbox 1065 4135 1117 4183; x_wconf 78' lang='lat' dir='ltr'>sod</span> <span class='ocrx_word' id='word_1_311' title='bbox 1140 4150 1259 4209; x_wconf 63' lang='lat' dir='ltr'>unctas.</span> <span class='ocrx_word' id='word_1_312' title='bbox 1293 4136 1350 4186; x_wconf 72' lang='lat' dir='ltr'>Tb·</span> 
     </span>
     <span class='ocr_line' id='line_1_37' title="bbox 244 4197 1350 4339; baseline 0.007 -30"><span class='ocrx_word' id='word_1_313' title='bbox 244 4197 520 4335; x_wconf 32' lang='lat' dir='ltr'>efferati&amp;</span> <span class='ocrx_word' id='word_1_314' title='bbox 533 4197 771 4315; x_wconf 58' lang='lat' dir='ltr'>cosso</span> <span class='ocrx_word' id='word_1_315' title='bbox 820 4199 1350 4339; x_wconf 53' lang='lat' dir='ltr'>attondentem</span> 
     </span>
     <span class='ocr_line' id='line_1_38' title="bbox 246 4328 1186 4457; baseline 0.004 -14"><span class='ocrx_word' id='word_1_316' title='bbox 246 4328 407 4443; x_wconf 43' lang='lat' dir='ltr'>uiridior.</span> <span class='ocrx_word' id='word_1_317' title='bbox 421 4394 439 4442; x_wconf 74' lang='lat' dir='ltr'>i.</span> <span class='ocrx_word' id='word_1_318' title='bbox 454 4394 508 4445; x_wconf 75' lang='lat' dir='ltr'>tos.</span> <span class='ocrx_word' id='word_1_319' title='bbox 542 4393 597 4445; x_wconf 65' lang='lat' dir='ltr'>ne</span> <span class='ocrx_word' id='word_1_320' title='bbox 608 4395 727 4457; x_wconf 68' lang='lat' dir='ltr'>que-iton</span> <span class='ocrx_word' id='word_1_321' title='bbox 744 4398 772 4445; x_wconf 77' lang='lat' dir='ltr'>or</span> <span class='ocrx_word' id='word_1_322' title='bbox 822 4332 870 4382; x_wconf 52' lang='grc' dir='ltr'>ω</span> <span class='ocrx_word' id='word_1_323' title='bbox 881 4331 1009 4396; x_wconf 50' lang='lat' dir='ltr'>&#39;mm</span> <span class='ocrx_word' id='word_1_324' title='bbox 1022 4346 1056 4380; x_wconf 71' lang='lat'>⁰⁰</span> <span class='ocrx_word' id='word_1_325' title='bbox 1068 4330 1119 4379; x_wconf 48' lang='grc' dir='ltr'>’Μ</span> <span class='ocrx_word' id='word_1_326' title='bbox 1131 4330 1186 4381; x_wconf 56' lang='grc' dir='ltr'>ω’</span> 
     </span>
    </p>
   </div>
   <div class='ocr_carea' id='block_1_4' title="bbox 0 0 1468 5100">
    <p class='ocr_par' dir='ltr' id='par_1_8' title="bbox 0 0 1468 5100">
     <span class='ocr_line' id='line_1_39' title="bbox 0 0 1468 5100; baseline 0 0"><span class='ocrx_word' id='word_1_327' title='bbox 0 0 1468 5100; x_wconf 95' lang='lat' dir='ltr'> </span> 
     </span>
    </p>
   </div>
  </div>
 </body>
</html>
