2926 5100
421 382 575 444 samm,
597 381 661 433 an.
688 370 780 443 1224,
803 384 865 434 aa
889 373 918 433 8.
1184 375 1224 438 ol

158 556 255 619 uniam
276 564 401 640 partem
424 575 497 618 xxv.
518 573 582 617 aar.
605 560 689 616 torre
712 562 746 617 et
764 552 788 638 j.
813 551 989 617 molendini
1004 575 1078 618 eum
1096 563 1175 639 port
1192 553 1226 618 in

157 660 240 723 ‹ei-n
259 658 335 722 uilla
356 668 419 721 eta
441 667 605 721 etaemus
620 655 784 741 Rogemm
801 655 936 742 Oligant
952 656 1084 721 terciam
1100 667 1226 742 partem

155 787 167 845 J
183 765 238 847 ιὼς,
248 780 324 827 tene
334 784 409 826 cum
420 770 500 847 pert
511 759 545 825 in
555 758 669 824 eadem
680 758 760 823 uilla
769 768 829 824 ete.
841 769 875 822 et
887 780 999 823 uorsus
1009 759 1227 846 Reginaldum

160 868 233 929 ilion
252 865 333 930 Petri
359 863 492 928 terciam
516 872 642 948 partem
664 860 742 926 dim.
765 861 845 947 uirg.
870 871 1051 926 termnum
1082 873 1162 948 pert.
1193 863 1227 930 in

158 967 241 1031 mim
259 967 342 1041 uilla,
364 988 446 1052 quas
467 964 583 1029 temias
605 973 714 1049 partes
736 963 807 1048 ipsa
825 965 918 1028 Geua
933 964 1052 1028 clamat
1068 965 1101 1028 in
1117 965 1227 1031 dotem

159 1086 204 1131 ete
214 1085 238 1131 et
252 1068 331 1133 unde
347 1068 410 1154 ipsi
425 1088 537 1131 omnes
553 1076 752 1129 uooaueruat
766 1063 809 1129 ad
829 1076 1008 1130 warantum
1025 1067 1227 1133 Willolmum

160 1177 256 1237 samm
274 1188 308 1236 et
335 1170 487 1236 heredem
519 1168 656 1255 predicti
686 1167 816 1233 Rioardi
846 1169 902 1255 qui
931 1191 1063 1255 pmsens
1092 1182 1141 1236 est
1172 1194 1230 1258 por

158 1276 406 1340 ammonicionem
422 1285 482 1338 eta
497 1284 533 1337 et
548 1271 629 1336 dicit
644 1270 730 1357 quod
746 1271 869 1336 nullam
887 1282 1004 1336 teriam
1022 1273 1121 1338 habet
1142 1274 1228 1339 unde

159 1381 308 1444 wmcism
333 1387 440 1462 posset
463 1377 566 1441 faeere
588 1384 623 1439 et
644 1372 720 1439 inde
743 1374 829 1460 petit
851 1373 1007 1443 iudicium
1030 1387 1064 1441 et
1087 1399 1150 1441 non
1173 1375 1228 1441 de-

158 1482 234 1547 ieodit
247 1500 371 1549 <nnana

209 1587 238 1650 n
252 1588 391 1652 abbatos
405 1597 441 1650 et
454 1607 568 1650 omnes
580 1583 637 1649 alii
652 1584 792 1649 ueniunt
807 1593 841 1648 et
856 1582 970 1649 dicum
985 1585 1071 1670 quod
1090 1585 1144 1651 die
1164 1609 1229 1672 quo

158 1706 321 1755 mouerunt
342 1690 386 1756 ad
408 1700 589 1754 warantum
615 1699 650 1753 et
680 1710 744 1774 quo
772 1689 991 1753 summonitus
1020 1689 1083 1754 suit
1113 1689 1229 1755 habuit

158 1814 209 1877 ipe
220 1812 322 1860 terram
338 1794 555 1859 sufficientem
572 1792 658 1856 unde
674 1791 898 1856 warentizaret
912 1800 947 1856 et
962 1791 989 1856 si
1006 1802 1119 1877 postea
1137 1793 1228 1860 illam

158 1912 246 1964 mmm
260 1900 354 1964 alicui
369 1897 532 1963 commisit
547 1896 600 1961 uel
615 1895 707 1960 dedit
723 1897 782 1960 hoc
798 1919 861 1960 non
876 1895 975 1961 debet
990 1897 1038 1961 eis
1053 1920 1173 1962 nocere„

206 2001 437 2067 Mille-lmus
458 2000 621 2087 cognoscit
643 1998 728 2086 quod
759 2022 871 2064 reuera
900 1998 1016 2064 habuit
1047 2010 1164 2065 tanam
1194 2011 1230 2066 et

153 2106 220 2188 qood
232 2122 295 2193 pet
313 2107 435 2172 Natalo
451 2105 584 2171 Domini
599 2104 688 2169 illam
704 2104 829 2169 dimisit
850 2104 992 2169 Haurico
1014 2104 1054 2170 de
1078 2106 1228 2172 Aldithe·

153 2208 215 2289 ῆι
254 2211 292 2276 Et
315 2210 389 2276 ideo
410 2208 689 2274 oonsideratum
671 2207 830 2295 estquod
856 2208 896 2273 de
920 2219 1007 2274 terra
1029 2233 1092 2327 que
1121 2211 1227 2276 eidem

153 2306 287 2378 *ntimo
316 2311 484 2378 deseendit
513 2321 548 2375 et
577 2333 675 2396 quam
706 2311 774 2396 ipse
800 2311 908 2376 tenuit
932 2313 1028 2378 faciat
1051 2314 1229 2380 uiceoomes

148 2414 232 2480 ean
245 2420 334 2483 Geue
349 2415 548 2480 esoambium
562 2414 603 2480 ad
620 2415 799 2480 ualenciam
816 2414 1033 2501 predictarum
1055 2418 1227 2483 tereiarum

148 2519 266 2603 pscium
281 2536 315 2587 et
332 2519 478 2586 Abhatos
492 2531 527 2584 et
541 2519 598 2584 alii
613 2519 772 2585 indemne
788 2518 841 2584 dio
857 2529 891 2583 et
907 2530 1041 2585 teneant
1055 2521 1089 2586 in
1106 2544 1191 2608 paee.

87 2616 112 2677 5
196 2625 298 2690 Anias
319 2623 412 2689 uenit
433 2623 638 2708 mangnitura
660 2635 770 2688 utrum
794 2646 860 2687 una
882 2623 1010 2710 uirgata
1040 2636 1124 2690 terro
1153 2650 1227 2692 cum

144 2742 208 2810 [nt
227 2729 260 2792 in
284 2727 425 2813 Roingee
445 2726 490 2790 sit
512 2725 614 2790 libera
635 2725 810 2790 elemosina
824 2726 990 2812 pertinens
1004 2726 1046 2792 ad
1060 2729 1228 2796 ecclesiam

143 2830 271 2919 legam
285 2832 447 2898 Johannis
461 2830 502 2895 de
519 2830 655 2916 Reygat'
671 2830 711 2895 de
728 2830 870 2917 Roinges
891 2854 934 2896 an
957 2832 1075 2898 laicum
1098 2834 1228 2900 feodum

141 2936 271 3001 (indidi
286 2934 466 3002 &eadm
510 2933 577 3014 Qui
593 2932 684 2997 uenit
699 2944 734 2997 et
748 2932 829 2997 dicit
843 2933 930 3020 quod
945 2957 1009 2999 noa
1031 2935 1131 3002 debet
1153 2936 1229 3002 inda

137 3040 223 3103 usu
242 3038 312 3104 fieri
334 3037 413 3124 quia
433 3046 650 3100 maoeesores
671 3035 721 3099 sui
742 3035 853 3100 seosati
870 3036 1002 3101 suerunt·
1016 3059 1037 3101 a
1051 3048 1228 3123 conquestu

136 3140 241 3224 Δημὼ
256 3138 305 3202 its
318 3136 406 3223 quod
421 3145 572 3201 tenerent
586 3134 627 3199 de
642 3135 777 3200 eoeloeia
791 3135 848 3199 illa
862 3147 897 3200 et
911 3135 999 3201 rodd’
1021 3136 1052 3201 ei
1077 3160 1135 3224 per
1155 3161 1229 3204 ana.

135 3262 160 3304 a
185 3243 236 3305 at
266 3254 301 3306 et
331 3239 413 3305 boae
443 3238 607 3323 cognoscit
636 3237 722 3323 quod
752 3239 925 3304 seruieium
951 3239 1033 3305 illud
1055 3252 1107 3306 est
1129 3241 1232 3311 libera

133 3344 296 3409 &masna
318 3342 451 3408 eoelaie
473 3341 570 3417 illius,
595 3351 646 3405 set
676 3341 811 3406 eeclesia
839 3341 896 3406 illa
926 3365 1092 3429 nunquam
1123 3347 1231 3412 tenuit

133 3464 241 3514 tunm
257 3449 347 3514 iilam
362 3448 397 3513 in
413 3445 574 3511 dominico
589 3455 623 3510 et
639 3445 714 3511 indo
730 3447 822 3533 ponit
837 3471 871 3511 se
886 3470 984 3534 super
997 3449 1137 3515 assisam

189 3552 230 3617 Et
247 3551 406 3638 Magister
419 3550 586 3616 dohannos
599 3548 782 3636 dicitquod
797 3550 961 3615 Siwardus
977 3562 1071 3636 pater
1085 3551 1229 3620 eiusdem

130 3657 271 3723 Gnufiidi
286 3657 391 3744 primo
406 3653 522 3720 habuit
537 3664 655 3719 terram
672 3655 761 3720 illam
776 3664 811 3719 et
827 3676 890 3719 noa
912 3654 1028 3719 habuit
1050 3655 1229 3741 ingnnaum

130 3764 185 3826 ne
215 3783 272 3848 per
300 3758 474 3847 quemdam
506 3758 639 3823 Petrum
663 3780 829 3844 pomonam
853 3757 997 3823 eiusdem
1019 3759 1151 3826 ecolesma
1174 3761 1231 3847 qui

130 3866 212 3930 aba
233 3865 265 3929 ei
286 3863 412 3928 dimisit
436 3884 492 3948 pro
515 3862 686 3925 uoluntate
708 3884 769 3925 aua
789 3872 824 3925 ot
847 3861 906 3925 hoc
930 3859 1011 3925 beno
1035 3872 1137 3946 patet,
1153 3863 1231 3947 quia

130 3970 209 4034 am
231 3966 396 4034 Sinsdus
417 3965 592 4051 aliquando
613 3964 704 4029 dedit
728 3963 803 4030 inde
834 3964 986 4029 maiorem
1017 3964 1141 4029 firmam
1171 3966 1229 4031 ali·

130 4073 423 4157 qnmi1minorem
439 4083 473 4134 ot
489 4068 564 4133 inde
582 4070 673 4154 ponit
687 4092 721 4132 so
737 4068 988 4154 supernitatum
1004 4080 1039 4133 ot
1055 4068 1230 4135 Gauffiduu

131 4180 280 4240 undae.

191 4282 357 4345 dunum
389 4277 502 4342 dicunt
530 4275 617 4362 quod
646 4286 733 4340 terra
763 4276 818 4340 illa
846 4286 897 4339 est
927 4273 1054 4339 seudum
1084 4273 1228 4341 onmem

132 4386 257 4449 menne
280 4384 327 4449 ita
348 4381 435 4469 quod
457 4380 543 4448 idem
567 4380 743 4447 Gausridue
758 4393 791 4447 et
806 4391 1023 4448 annosiores
1036 4377 1088 4446 sui
1103 4401 1230 4466 sompes
