2926 5100
448 377 588 438 nstra
611 377 675 427 an.
702 364 795 438 1224,
818 378 882 428 aa
906 366 934 430 a
1205 371 1245 430 15

132 551 189 636 ipsi
204 550 347 635 exigunt
361 571 570 615 communam
586 550 620 614 in
636 558 723 614 tarra
737 549 874 635 predicti
891 549 1031 617 Abbatis
1046 551 1079 616 in
1093 551 1248 617 Wcstona

133 654 254 719 &nient
271 654 361 720 idern
376 654 502 719 nnllnrn
519 653 620 718 habet
634 675 840 718 commonam
863 653 898 718 in
921 663 1007 719 terra
1029 655 1246 740 predictorum

138 757 265 823 Robcrti
289 771 324 822 st
349 757 501 844 [ingonis
523 768 583 821 otc.
609 780 668 822 nec
691 757 753 843 ipsi
775 757 950 822 scruicium
974 758 1005 822 ei
1029 759 1153 823 faciunt
1176 772 1247 837 cta,

141 862 217 924 node
233 861 321 926 idom
336 859 451 925 Abbts
470 881 529 945 per
548 868 751 924 attornatnm
774 882 870 924 sunm
893 860 974 925 dicit
995 862 1082 946 quod
1105 884 1164 947 por
1187 863 1247 928 hoc

145 966 218 1049 qnod
232 966 354 1030 iniusta
369 964 508 1051 exigunt
523 974 558 1028 ct
572 964 752 1029 deforciant
766 964 798 1029 ei
818 987 1023 1029 oommnnnm
1046 965 1136 1030 iilam
1159 967 1246 1031 sient

148 1069 314 1152 predictum
329 1080 381 1132 ost
395 1065 612 1132 deterior-atus
627 1077 678 1133 ast
692 1076 728 1132 at
746 1066 927 1153 dampnum
948 1068 1048 1133 habet
1068 1069 1109 1134 ad
1133 1070 1245 1135 ualen-

152 1173 218 1235 tiam
232 1172 272 1235 rt
288 1193 385 1235 marc.
400 1182 462 1234 cto.

204 1276 240 1340 n
263 1275 447 1340 Rannnlsus
469 1274 510 1340 dc
534 1275 703 1339 Luti'charn
727 1296 813 1340 nnus
835 1299 945 1341 eorum
969 1277 1072 1363 primo
1096 1279 1189 1344 uenit
1211 1287 1246 1344 ct

157 1379 314 1465 dicitquod
332 1392 418 1442 term
432 1376 587 1463 adquam
610 1377 755 1463 pertinet
777 1386 911 1463 pastura
931 1379 989 1443 illa
1010 1389 1061 1444 cat
1083 1379 1246 1447 hereditas

161 1479 303 1546 hillidio
325 1481 435 1545 uxoris
455 1480 528 1543 eins
541 1480 613 1544 sine
628 1502 694 1565 qua
709 1503 773 1544 non
789 1490 897 1566 potest
912 1482 1104 1568 rospondcra
1119 1494 1154 1548 et
1168 1484 1245 1551 inda

163 1600 230 1647 ucat
243 1586 332 1649 eurn¹
347 1583 390 1648 sd
406 1595 596 1660 warantum,
612 1584 731 1649 habeat
747 1607 818 1648 cam
835 1585 894 1650 tali
909 1586 962 1650 dia
978 1598 1037 1651 etc.

208 1688 359 1754 Robenna
375 1689 523 1774 Scriptor
535 1689 617 1754 dicit
631 1688 718 1775 qnod
733 1689 821 1775 cepit
835 1690 1000 1775 quandam
1016 1701 1142 1778 partam
1159 1700 1243 1757 tans

165 1792 293 1860 nalem
310 1795 392 1860 nilla
404 1795 447 1860 ad
463 1818 560 1881 qnam
576 1807 710 1882 pastura
723 1796 782 1860 illa
800 1795 944 1881 pertinet
966 1820 1039 1861 curn
1064 1820 1162 1861 uxoro
1184 1821 1245 1863 sua

165 1917 208 1980 tto
225 1902 299 1965 obiit
320 1914 356 1965 et
378 1900 420 1965 dc
442 1922 508 1986 qua
530 1899 646 1965 habuit
664 1922 782 1985 pueros
796 1901 853 1987 qni
868 1911 947 1965 sunt
961 1901 1046 1966 inira
1060 1911 1193 1977 etatem,
1208 1911 1244 1967 et

165 1999 301 2090 desperit
318 2016 443 2070 etatem
461 2026 583 2080 eornm,
600 2014 635 2068 at
657 2005 737 2069 alias
760 2014 861 2069 terras
885 2004 985 2069 habet
1007 2005 1076 2091 ipsc
1098 2027 1161 2090 quo
1184 2027 1242 2070 sus

164 2119 218 2168 ant
229 2124 283 2172 etc.
299 2122 335 2172 et
350 2106 424 2172 ideo
439 2107 525 2193 petit
541 2105 649 2171 nisum
664 2105 705 2171 do
721 2115 855 2192 pastura
876 2107 934 2172 illa
955 2118 1014 2172 etc
1060 2107 1168 2172 Datus
1190 2118 1242 2173 cst

163 2208 195 2270 ris
205 2211 262 2275 dics
275 2213 316 2278 ad
332 2213 515 2298 poedictnm
532 2213 718 2277 tenninum.

209 2315 242 2379 n
263 2340 375 2381 omncs
397 2317 454 2381 alii
479 2326 587 2401 proter
610 2316 789 2380 Robsrtom
815 2316 897 2381 Croc
920 2315 1058 2381 ueniunt
1073 2326 1109 2381 et
1123 2326 1242 2404 petunt

162 2416 250 2493 snum,
266 2421 418 2495 habt-ant,
433 2419 504 2483 dios
518 2419 616 2483 datus
630 2428 681 2482 cst
694 2418 737 2483 sd
752 2418 935 2504 predictum
952 2419 1135 2484 terminant

205 2524 241 2589 Et
264 2525 426 2590 Robartns
449 2527 531 2591 Croc
554 2525 647 2588 uenit
670 2534 705 2587 ct
726 2523 808 2588 dicit
829 2524 916 2608 qnod
939 2524 1037 2589 nichil
1061 2526 1180 2590 clamat
1206 2525 1240 2590 in

155 2644 265 2709 partun
280 2631 338 2695 ills
351 2628 393 2694 sd
408 2651 540 2715 pricaeus
554 2637 588 2692 ct
604 2627 676 2692 idco
690 2626 760 2691 sinc
775 2626 828 2691 die
844 2625 885 2691 da
900 2650 938 2691 eo
953 2637 1013 2693 cta

203 2733 240 2798 Et
266 2735 364 2820 iingo
386 2733 427 2797 dc
451 2731 644 2797 Lnffenham
668 2741 703 2795 ot
725 2753 836 2795 omncs
858 2731 914 2796 alii
942 2743 1067 2818 ponunt
1091 2733 1159 2797 loco
1182 2756 1241 2798 suo

148 2836 314 2919 punctum
346 2837 525 2902 Roberturn
556 2835 753 2920 Scriptoram
784 2845 844 2900 stc
874 2844 909 2899 ct
944 2835 1102 2900 Osbertns
1139 2836 1241 2922 Trilly

145 2943 318 3006 mimia·
334 2942 367 3006 in
383 2940 475 3005 brcui
491 2963 554 3004 non
571 2939 664 3003 uenit
679 2949 713 3002 ct
729 2938 837 3023 pluroe
852 2939 929 3003 facit
951 2939 1089 3004 defaltas
1110 2951 1145 3005 ct
1168 2940 1241 3005 idco

143 3046 311 3109 namma
327 3045 445 3109 habeat
461 3065 576 3129 corpus
591 3042 661 3106 cius
676 3041 717 3106 ad
733 3042 873 3106 condam
890 3043 1073 3108 torminum.

69 3156 98 3215 Ι
198 3149 309 3214 Abba
331 3147 372 3211 dc
396 3145 592 3212 stratfordia
613 3145 698 3232 petit
721 3167 834 3209 narsus
856 3146 1036 3211 Robortum
1060 3147 1089 3210 lc
1112 3147 1241 3212 Glorius

136 3252 217 3335 qood
233 3251 350 3316 reddat
365 3251 395 3315 ci
411 3272 467 3313 scr
483 3250 538 3313 soi
554 3272 635 3334 quos
649 3247 680 3312 ci
695 3247 795 3312 debet
810 3248 850 3312 dc
866 3249 1028 3335 pannagio
1044 3249 1130 3315 unda
1153 3250 1240 3316 idern

135 3359 243 3421 aton
266 3355 347 3419 dicit
371 3352 458 3439 quiid
480 3353 646 3439 predictus
668 3351 829 3415 Robcrtus
851 3353 960 3438 posuit
983 3375 1093 3438 porcos
1112 3376 1187 3417 snos
1207 3353 1240 3418 in

133 3462 226 3525 bum
248 3458 395 3523 eiusdem
412 3457 559 3533 Abbatis,
575 3457 622 3521 ita
636 3456 724 3542 quod
739 3456 815 3521 indo
831 3458 950 3522 habero
969 3457 1085 3522 debuit
1106 3481 1162 3522 scr
1185 3458 1240 3522 soi

129 3578 191 3628 etc.
207 3563 294 3628 unde
308 3563 525 3627 dotcriontna
545 3572 595 3625 ast
617 3571 652 3624 ct
673 3560 851 3645 dampnum
876 3560 974 3625 habat
996 3559 1038 3625 ad
1060 3561 1239 3626 ualcnciarn

130 3669 171 3732 al
188 3669 245 3731 not

198 3771 240 3835 Et
270 3770 431 3834 robertus
460 3767 553 3832 uenit
582 3777 617 3831 ct
642 3765 723 3831 dicit
752 3763 838 3851 qnod
868 3765 961 3829 Dona
990 3766 1059 3830 Rox
1089 3766 1180 3831 dedit
1210 3768 1240 3832 ci

126 3874 311 3938 nardino
344 3874 402 3937 tilii
431 3886 466 3935 ot
496 3871 623 3936 horodis
652 3870 785 3935 Henrici
815 3869 855 3935 dc
888 3869 1058 3955 Bagshota
1088 3880 1124 3935 ot
1153 3871 1239 3936 idcrn

129 3979 296 4043 iio-oricus
311 3977 425 4041 habuit
442 3978 541 4041 talem
559 3977 743 4041 libortatcm
760 3973 845 4059 qnod
865 3974 980 4037 habuit
997 3973 1028 4036 in
1045 3974 1138 4037 iunco
1155 3974 1241 4037 illm·

128 4106 243 4168 pm
270 4104 345 4143 sum
370 4081 498 4167 quietos
527 4080 567 4144 da
598 4078 760 4167 pannagio
786 4089 820 4140 ct
847 4077 928 4140 obiit
955 4077 1085 4140 saisitus
1114 4077 1154 4141 do
1186 4078 1240 4141 illa

127 4188 286 4251 sonate
311 4200 346 4246 ct
370 4184 441 4249 idco
467 4206 529 4248 non
557 4193 665 4269 potest
694 4181 769 4247 indo
800 4179 991 4265 rospnidcrc
1022 4180 1090 4243 sinc
1123 4179 1239 4244 horode

130 4287 270 4352 Hearici
286 4286 345 4371 qui
359 4299 406 4350 cst
422 4287 505 4351 inira
519 4295 650 4351 ctatcrn

397 4415 492 4464 ’Com
505 4429 568 4462 ean.
814 4412 912 4460 'corr¹
926 4412 977 4460 itio.
