2926 5100
286 361 324 422 16
601 369 739 427 marra,
761 368 826 419 an.
851 355 944 428 1224,
967 367 1028 419 aa
1052 358 1081 418 8.

349 543 391 607 Bt
415 541 526 606 Abbaa
550 540 742 627 dicitquod
767 540 929 605 Henricua
953 562 1120 626 nunquam
1152 540 1269 605 habuit
1300 540 1389 605 illam

285 646 468 712 libertatem
492 667 551 709 nec
574 644 649 709 inde
672 643 755 708 obiit
776 642 915 718 saisitus,
931 665 990 707 nec
1005 643 1098 708 hema
1114 644 1249 710 Henrici
1264 645 1391 731 aliquos

280 772 391 837 porcoa
406 748 514 824 habet,
529 759 563 813 et
580 748 654 813 inde
671 748 763 834 ponit
778 771 812 811 ae
827 770 925 833 super
946 748 1085 813 iuratam
1109 749 1223 834 patrie,
1237 749 1316 835 qnia
1336 748 1390 813 die

280 876 345 940 qno
360 853 441 918 obiit
458 876 516 916 nec
532 874 686 938 nmquam
702 863 800 916 antea
815 850 930 915 habuit
948 851 1132 917 libertatem
1148 853 1247 918 illam.

347 958 390 1021 Et
413 957 485 1022 ideo
507 958 565 1021 fiat
588 955 663 1020 inde
687 954 794 1020 iurata
815 963 849 1017 et
873 954 985 1018 ueniat
1005 955 1062 1019 tali
1078 954 1131 1020 die
1146 966 1206 1021 etc
1223 955 1265 1021 ad
1280 979 1389 1045 reeog·

281 1060 476 1125 noscendum
499 1061 526 1124 ai
550 1058 714 1144 pretlictno
739 1056 899 1121 Henricuo
918 1056 971 1120 die
988 1079 1052 1142 qno
1067 1058 1146 1123 obiit
1164 1060 1215 1124 nel
1233 1082 1388 1146 umquam

280 1174 377 1228 antea
393 1163 508 1227 habuit
523 1184 633 1248 porcos
647 1184 721 1224 orreo
736 1160 863 1246 quietos
880 1160 911 1224 in
928 1160 1022 1224 bosco
1037 1161 1093 1225 illo
1109 1161 1160 1224 uel
1178 1184 1241 1226 non
1257 1163 1329 1228 ctc¹

347 1267 530 1331 Willelmuo
556 1265 641 1329 lilios
669 1263 836 1328 Eustachii
867 1264 951 1350 petit
981 1286 1093 1328 uentus
1118 1265 1319 1331 Willelmnm
1348 1266 1389 1330 de

222 1397 228 1407 ·
282 1371 309 1435 1·'
310 1370 437 1435 ortibus
459 1369 621 1435 Comitem
638 1367 835 1433 Albemarlie
857 1389 956 1452 quem
978 1367 1105 1453 Engelr’
1126 1366 1167 1432 de
1191 1367 1389 1433 albemarlic

282 1474 412 1539 uocauit
434 1473 475 1538 ad
498 1484 677 1537 warantum
700 1480 735 1536 ct
754 1471 810 1558 qui
825 1471 855 1535 ei
871 1471 1094 1536 warantizauit
1109 1472 1164 1556 xij.
1179 1471 1287 1536 bouat.
1305 1483 1389 1537 terro

281 1601 354 1642 cum
383 1588 462 1664 pert.
489 1576 522 1641 in
547 1574 708 1661 Skecling'
736 1584 774 1638 ut
800 1574 851 1638 ina
872 1597 968 1639 auum
995 1584 1056 1638 etc
1079 1586 1114 1638 et
1141 1586 1180 1639 ut
1206 1574 1277 1640 illas
1302 1575 1389 1641 unda

281 1681 477 1747 Euatachins
499 1691 593 1767 pmer
614 1703 692 1744 ιιιιιιι
715 1680 779 1745 tuit
800 1679 932 1744 seiaitua
952 1689 990 1743 ut
1005 1679 1046 1743 de
1062 1678 1154 1743 feodo
1169 1689 1204 1743 et
1218 1679 1289 1745 iure
1304 1689 1338 1743 et
1355 1680 1389 1745 in

281 1786 441 1851 dominico
464 1796 609 1870 tempore
633 1785 725 1849 Dom.
744 1784 844 1870 Regis
865 1784 922 1869 qui
938 1806 1024 1848 nunc
1039 1794 1089 1847 eat
1105 1795 1140 1848 et
1156 1783 1189 1848 in
1204 1806 1286 1869 quas
1301 1783 1390 1850 idern

281 1890 398 1957 Cornea
413 1911 475 1953 non
492 1888 590 1953 habet
607 1888 786 1973 ingressum
802 1887 864 1951 nisi
885 1910 943 1973 per
965 1887 1071 1972 ipsum
1096 1887 1307 1952 Eustachium
1331 1888 1389 1974 qui

280 1993 416 2059 eandem
429 2004 548 2057 terram
562 1992 591 2056 ei
604 1991 779 2056 dimisitad
793 1991 968 2056 terminum
984 2014 1141 2056 annornm
1157 1992 1213 2077 qui
1229 1993 1391 2057 terminus

283 2098 429 2185 preteriit
454 2095 580 2161 duobos
604 2095 697 2159 annia
723 2095 841 2181 elapsis
866 2107 901 2158 et
924 2096 1010 2181 qnod
1036 2095 1253 2160 deterioratur
1280 2107 1332 2161 eat
1353 2110 1390 2161 et

281 2204 458 2289 dampnum
483 2202 580 2265 habet
604 2201 644 2265 ad
668 2201 847 2266 nalenciam
873 2225 923 2267 rr.
946 2225 1051 2278 marc,
1076 2214 1111 2266 et
1138 2203 1213 2268 inde
1240 2202 1392 2288 producit

281 2316 411 2381 rectam,
440 2317 474 2368 et
505 2307 624 2390 profert
654 2320 776 2369 cartam
807 2305 950 2370 eiusdem
979 2306 1135 2371 Willelmi
1162 2307 1300 2373 Comitia
1325 2330 1390 2393 que

283 2420 425 2475 testatur
438 2410 523 2497 quod
541 2410 599 2473 hec
615 2421 664 2474 eat
679 2411 854 2474 commocio
870 2412 956 2475 sacta
975 2411 1062 2475 inter
1076 2412 1169 2475 Dom.
1188 2412 1389 2476 willelmum

281 2514 321 2579 de
338 2512 489 2578 Fortibus
504 2513 665 2578 Comitem
682 2514 879 2577 Albemarlie
894 2525 929 2578 et
947 2514 1158 2579 Eustachium
1170 2514 1211 2580 de
1224 2515 1388 2603 Pleainge·

281 2616 356 2680 liam
372 2616 457 2702 quod
469 2616 560 2680 Dom
573 2615 766 2679 Eustachiua
781 2615 905 2680 dimisit
920 2615 1007 2679 dicto
1019 2615 1142 2681 Comiti
1152 2627 1254 2681 totam
1266 2628 1388 2684 terram

280 2744 372 2787 anam
399 2720 439 2786 de
466 2719 629 2803 Skecling'
656 2719 783 2805 integre
807 2719 876 2783 sine
906 2718 1016 2804 aliquo
1042 2731 1265 2784 retenemento
1288 2744 1387 2807 quam

280 2825 404 2891 acilicct
426 2823 570 2889 Hawiaia
585 2824 759 2889 Comitiaaa
774 2834 879 2887 mater
892 2823 967 2887 aua'
982 2824 1012 2887 oi
1027 2824 1164 2887 contulit
1181 2823 1244 2888 sibi
1265 2825 1317 2889 nel
1334 2826 1387 2890 cui

281 2929 444 3015 mignare
467 2928 606 2992 uoluerit
624 2927 782 3013 usquead
798 2927 973 2992 terminum
999 2927 1097 2991 trium
1120 2951 1278 2993 annorum
1300 2952 1388 2994 corn·

282 3033 442 3119 pictorum
468 3053 524 3116 pre
549 3031 654 3114 xxxvj.
679 3030 794 3094 marcia
816 3052 897 3116 quaa
920 3029 950 3093 ei
977 3028 1068 3093 dolii
1092 3051 1148 3114 pre
1173 3030 1322 3095 manibus
1345 3032 1387 3098 acl

282 3135 575 3223 peregrinacionem
587 3133 764 3198 faciendam
778 3134 810 3198 in
824 3146 909 3198 terra
920 3134 1120 3209 Jeromlime,
1130 3146 1163 3198 et
1176 3134 1202 3198 ai
1218 3135 1387 3222 contingat

281 3239 367 3327 quod
382 3240 489 3305 dictur
506 3238 699 3303 Eustachiua
713 3237 754 3302 de
766 3238 1027 3322 peregrinacione
1038 3260 1097 3301 eno
1107 3237 1390 3325 mleatcompleto

283 3342 421 3407 termino
437 3342 582 3428 predicto
598 3353 756 3406 terrama
770 3342 877 3405 soluta
890 3354 925 3405 et
940 3342 1053 3428 quieta
1070 3342 1188 3406 redibit
1205 3342 1238 3407 in
1254 3366 1389 3410 manum

281 3469 373 3512 auam
400 3448 452 3510 uel
479 3447 587 3511 dictur
613 3448 728 3511 Comen
751 3445 839 3510 dicto
871 3446 1045 3510 Eustochio
1073 3447 1265 3529 germioncm
1295 3471 1389 3515 anam

283 3548 503 3616 ministrabit!
549 3549 708 3613 terminua
731 3549 794 3613 suit
815 3571 901 3612 anno
923 3549 1161 3614 incarnacionis
1182 3550 1314 3617 Domini
1335 3562 1389 3619 ιη’.

282 3666 337 3720 oc‘’⁸
367 3654 451 3729 xix⁰.,
476 3652 562 3717 unde
593 3652 678 3717 idem
706 3652 889 3716 Willelmua
918 3652 999 3716 dicit
1028 3651 1115 3738 qrrod
1146 3654 1304 3718 terminus
1334 3656 1389 3721 ille

283 3757 431 3845 preteriit
466 3756 508 3821 ad
541 3756 662 3820 Pascha
692 3757 824 3820 fuemnt
861 3755 927 3820 duo
962 3757 1039 3821 anni
1077 3757 1195 3843 elapai⁴
1230 3772 1263 3823 et
1302 3760 1389 3845 quod

285 3859 479 3926 Erratachiua
495 3872 641 3922 mortuno
661 3870 710 3923 tot
734 3871 765 3922 et
791 3857 876 3945 petit
898 3858 1048 3923 aeisinam
1071 3883 1163 3925 anam
1188 3875 1225 3925 ut
1248 3862 1334 3926 filins
1356 3876 1392 3928 et

283 3964 376 4029 berea
391 3964 469 4028 eioa

318 4132 732 4191 Ῥοιιὶιοιοιάἰειιωδιῑοι,
756 4133 810 4182 llll.
864 4131 927 4181 than
952 4131 1010 4180 that
1033 4132 1077 4182 the
1100 4132 1161 4183 aur
1185 4134 1208 4183 ia
1231 4144 1258 4183 to
1281 4136 1392 4186 make·

286 4199 303 4247 l.
319 4201 363 4247 146
373 4199 396 4246 b.
862 4197 995 4261 proriaion
1015 4199 1054 4246 lor
1076 4199 1196 4247 Eurum.
1231 4201 1279 4248 8oe
1302 4201 1392 4256 fitur.

318 4265 328 4295 ¹
346 4263 399 4311 The
419 4262 501 4310 Earl'·
519 4263 630 4312 mother.
665 4261 730 4321 Ilua.
750 4264 810 4313 Bar.
862 4277 916 4311 ar.
964 4279 1053 4313 mum.
1086 4265 1147 4311 ΛΙιο
1161 4280 1203 4313 κο
1215 4264 1281 4313 Cu·
1293 4267 1351 4321 tri.
1365 4269 1392 4316 ia

286 4329 335 4378 rot.
353 4331 374 4380 1.
388 4343 411 4390 p.
426 4332 458 4375 6³
863 4280 1002 4375 vhicidtlie
1013 4343 1084 4377 rame
1097 4330 1299 4390 pbr-uocem

319 4393 490 4454 ’Samiam
509 4392 561 4442 tlrir
578 4407 668 4443 meaa·
686 4407 720 4441 ao
739 4407 810 4441 mora
894 4392 1015 4442 ‘Euter
1029 4396 1101 4443 ΙΝ.
