2926 5100
251 402 293 469 36
557 413 707 469 rarutrr,
730 412 792 461 an.
819 396 911 471 1224,
934 410 998 460 aa.
1020 404 1047 459 a.

250 584 420 659 sinuantur,
435 581 651 669 primogenita
665 579 798 645 haberet
814 588 919 643 toturn
936 588 1160 643 tenementum
1175 575 1247 643 sino
1266 597 1270 662 j

251 708 350 774 quam
378 685 441 751 alis
471 685 590 751 habere
619 691 759 771 possent,
781 689 816 748 et
844 680 996 747 similiter
1022 680 1051 745 si
1077 680 1143 746 filie
1170 680 1270 746 illes

253 788 403 854 maritate
417 798 491 874 poet
505 796 641 852 mortem
658 784 760 872 patris
778 783 829 849 sui
851 805 925 849 eum
947 782 1073 848 eatallis
1095 781 1197 869 patris
1217 780 1270 847 sui

252 891 506 958 oontrsdiecione
521 898 556 955 et
568 912 634 954 una
644 910 755 954 earum
767 896 949 953 remaneret
960 886 995 951 in
1005 885 1089 952 atrio
1100 885 1155 951 illu
1167 885 1201 950 in
1212 885 1270 951 atri

252 1006 324 1062 tum
339 1004 563 1062 tenementum
573 994 674 1081 patris
684 1015 795 1058 earum
811 991 966 1057 retineret
977 990 1047 1056 sine
1058 1001 1150 1077 parte
1161 990 1270 1077 sieut]

194 1159 202 1176 .
318 1101 416 1167 Iueta
440 1122 503 1187 qus
531 1100 596 1165 suit
617 1121 698 1165 uxor
722 1096 851 1163 Rioanii
873 1097 932 1163 filii
954 1096 1111 1162 willelmi
1138 1096 1221 1183 petit
1248 1118 1270 1161 u

192 1239 198 1251 ·
255 1204 427 1291 Hugonem
457 1225 625 1290 personam
653 1202 695 1268 de
722 1200 944 1267 Pilardintona
968 1200 1101 1267 terciam
1129 1211 1256 1287 partem

253 1306 329 1373 hide
352 1318 436 1371 terre
457 1329 532 1372 cum
558 1314 638 1393 pert
663 1305 695 1370 in
720 1304 942 1370 Pilardintona
964 1314 1003 1370 ut
1024 1304 1134 1369 dotem
1156 1326 1249 1369 auam

252 1410 416 1498 predictus
432 1409 589 1476 Rioardus
602 1408 765 1496 quondam
780 1408 832 1474 uir
845 1431 924 1473 suus
938 1429 1011 1474 eam
1025 1407 1154 1474 dotauit
1169 1420 1229 1473 etc.

317 1512 362 1579 Et
382 1512 481 1599 nugo
501 1512 593 1577 uenit
614 1520 648 1576 et
668 1510 748 1576 dicit
768 1509 854 1598 quod
875 1509 946 1596 ipaa
965 1531 1029 1575 non
1043 1509 1141 1575 debet
1158 1507 1270 1575 inded

253 1616 380 1692 habere,
394 1616 472 1702 quia
486 1614 643 1681 Rieardua
657 1614 709 1679 uir
722 1636 801 1679 auus
815 1612 989 1700 aliquando
1004 1614 1112 1678 tenuit
1129 1625 1248 1678 terram

252 1719 293 1785 ds
307 1742 347 1783 eo
360 1718 402 1784 ad
416 1720 542 1783 firmam
556 1716 748 1804 quandoque
764 1715 805 1781 ad
820 1715 894 1802 plus
913 1715 1106 1803 quandoque
1126 1716 1166 1781 ad
1188 1716 1270 1781 mint

252 1816 338 1904 quod
367 1816 541 1903 aliquando
569 1816 633 1881 suit
661 1814 748 1881 idem
779 1813 950 1879 Rioanius'
978 1816 1161 1902 prepositus
1189 1837 1269 1881 suus

252 1931 364 2007 postea
378 1920 412 1986 in
428 1920 544 1985 ultimo
558 1918 674 1984 itinere
694 1916 943 1983 iusticiariorum
964 1919 1052 2005 apud
1072 1918 1270 1986 Conuintriru

253 2026 321 2112 ipse
337 2025 437 2112 Huge
451 2024 619 2090 uideretur
633 2024 736 2089 faeere
751 2022 902 2089 iniuriam
917 2024 1089 2090 aramiauit
1110 2025 1178 2112 ipae
1196 2048 1270 2112 quar

253 2129 392 2195 iuratam
417 2128 459 2194 ad
483 2126 772 2215 neognoaoendum
799 2138 910 2193 utrum
937 2140 1023 2194 terra
1050 2129 1106 2195 illa
1123 2129 1128 2212 Ι
1148 2142 1234 2195 emet
1258 2130 1270 2195 1

253 2231 427 2297 elemosina
453 2231 619 2318 pertinens
644 2229 686 2295 ad
712 2230 879 2296 eeclesiam
905 2253 998 2296 suam
1019 2253 1061 2296 an
1087 2232 1203 2297 laicum
1230 2234 1270 2298 fe«

255 2335 384 2401 Rioardi
406 2346 475 2410 ete,
490 2346 525 2400 et
548 2335 680 2400 tandem
703 2333 796 2400 uenit
819 2333 903 2399 idem
931 2334 1089 2401 Rioardus
1109 2347 1145 2401 et
1166 2335 1270 2402 reddi(

254 2438 473 2505 terramillam
489 2448 527 2503 ut
542 2439 750 2504 elemosinam
764 2439 898 2505 eeclesie
912 2462 970 2505 sue
985 2450 1056 2517 eta,
1068 2452 1103 2505 et
1116 2440 1200 2506 bone
1214 2441 1270 2508 det

253 2543 339 2631 quod
359 2543 516 2610 Rieardus
535 2544 587 2608 uir
605 2566 684 2609 suus
702 2544 756 2610 die
776 2567 841 2631 quo
859 2567 931 2610 eam
949 2544 1158 2632 desponsauit
1172 2569 1236 2612 non
1252 2556 1270 2613 t

254 2659 373 2714 terram
398 2648 488 2714 illam
511 2648 545 2714 in
567 2647 660 2714 feodo
681 2649 730 2714 ita
750 2647 837 2736 quod
858 2671 930 2714 eam
953 2649 1065 2716 dotare
1087 2650 1206 2738 potuit,
1227 2662 1263 2716 et

253 2752 347 2840 ponit
365 2775 400 2819 so
419 2774 517 2840 super
538 2752 686 2819 iuratam
732 2752 776 2818 Et
795 2753 892 2818 lueta
909 2752 1067 2830 similiter,
1082 2754 1160 2842 quia
1178 2754 1258 2821 dicit

253 2855 389 2922 eandem
405 2866 523 2922 terram
538 2856 742 2943 recuperauit
758 2856 810 2921 uir
819 2879 899 2923 suus
910 2879 1024 2923 uersus
1033 2858 1173 2924 eundem
1186 2859 1270 2947 Hugt

253 2958 459 3045 permiram
482 2979 565 3024 noue
584 2957 751 3023 &misine
770 2968 899 3045 oaptam
921 2980 1028 3025 eoram
1044 2959 1229 3025 iusticiariis
1243 2962 1270 3025 u]

253 3061 482 3129 itinerantibus
499 3062 587 3150 apud
603 3062 835 3129 Inimestriam.
882 3063 925 3129 Et
945 3062 1018 3129 ideo
1039 3066 1097 3129 fiat
1115 3064 1189 3129 inde
1205 3065 1270 3130 iura

253 3166 365 3232 ueniat
381 3167 440 3233 tali
455 3166 508 3233 die
522 3166 564 3232 ad
579 3168 869 3255 rceognoseendum
889 3167 918 3233 si
939 3167 1024 3234 idem
1047 3168 1202 3234 Rioardus
1223 3168 1270 3235 dis

253 3271 362 3337 tenuit
377 3282 495 3353 terram
511 3271 600 3337 illam
615 3272 649 3337 in
664 3271 757 3338 feodo
772 3273 820 3338 ita
833 3272 920 3359 quod
934 3284 994 3339 ete

155 3420 161 3435 .
196 3426 202 3440 .
318 3373 468 3440 Daoanua
482 3373 523 3440 do
540 3374 730 3441 Hemserdia
745 3398 802 3462 pro
821 3398 856 3440 ae
876 3384 910 3440 et
931 3376 1084 3462 Capitulo
1103 3376 1270 3443 eeclsmal

253 3474 353 3542 sordis
383 3475 466 3562 petit
497 3498 610 3541 nemus
639 3477 833 3542 Matillidem
862 3499 926 3565 que
952 3478 1016 3543 suit
1045 3500 1125 3543 uxor
1154 3477 1270 3544 Walter

254 3579 415 3667 Haseleye
429 3579 607 3645 eustasliam
623 3580 783 3645 Johannia
797 3581 858 3646 filii
872 3592 907 3646 et
924 3581 1051 3647 heresiis
1071 3581 1208 3668 predicti
1224 3581 1270 3647 W:

252 3682 345 3749 ouius
359 3683 506 3749 eustolia
519 3683 561 3749 ad
576 3706 631 3749 eos
651 3685 791 3770 pertinet
815 3684 941 3749 racione
964 3686 1143 3751 tenemeuti
1165 3684 1252 3773 quod

253 3784 417 3850 walterus
437 3785 479 3851 de
500 3786 548 3851 eia
570 3786 677 3852 tenuit
700 3787 733 3853 in
757 3786 956 3863 Winestons,
978 3788 1064 3854 unde
1091 3789 1152 3875 ipsi
1180 3812 1270 3876 quen

251 3886 338 3974 quod
354 3909 411 3975 per
426 3887 484 3953 hoe
498 3889 584 3974 quod
601 3889 670 3975 ipsa
684 3890 804 3955 iniuste
818 3891 972 3956 deserviat
985 3892 1015 3957 ei
1026 3892 1205 3958 eustatium
1222 3892 1270 3959 itu

252 3990 389 4077 impedit
404 3990 452 4055 eis
466 3990 615 4057 seisinam
631 4014 724 4058 suam
739 3992 780 4057 du
795 3992 942 4059 custodia
957 4005 1042 4060 terre
1061 3994 1206 4060 eiusdem
1224 3995 1270 4061 Wi

251 4092 438 4159 deteriorati
459 4107 536 4159 sunt
558 4104 595 4159 et
615 4094 793 4182 dampnum
815 4095 938 4162 habent
956 4096 998 4163 sd
1020 4098 1198 4163 ualenciam
1214 4122 1270 4163 ar

252 4197 327 4263 inde
342 4195 523 4284 producunt
538 4210 659 4263 sectam
673 4210 734 4264 ete.

284 4361 486 4476 '‘l'naffiyirt
508 4375 574 4412 onas
596 4376 667 4415 mom
690 4365 776 4417 'ntes
860 4364 1270 4427 ’hemmerannum

250 4426 370 4477 :eorm
440 4427 614 4479 autkarius.
827 4430 1270 4487 aamvunssuotbstmheh
