2926 5100
392 403 531 465 mn,
552 403 616 454 ut
642 392 735 466 1224,
757 405 819 454 alt
843 394 872 454 8.
1159 392 1180 454 3

61 579 243 645 Pmnccsot
269 577 357 665 quod
381 576 497 643 reddat
522 576 553 642 ei
579 577 620 663 xj.
646 577 700 643 lib.
722 599 803 662 quas
825 577 855 642 ei
878 577 978 643 debet
1000 587 1035 643 et
1058 578 1178 645 iniuste

60 684 190 748 detinet
206 682 292 748 uude
308 683 397 748 idem
415 683 514 769 Hugo
528 681 672 747 ostendit
686 681 774 767 quod
789 681 925 747 tradidit
944 681 976 747 ei
996 683 1177 748 manerium

61 809 157 850 urum
180 785 223 849 de
247 784 357 850 Hesel'
372 783 416 849 ad
438 784 562 848 firmam
585 782 627 849 sd
650 783 825 848 terminum
848 806 903 849 sex
925 806 1082 849 annorum
1106 783 1176 849 red-

61 891 168 954 dendo
182 912 242 975 per
254 911 379 953 aunum
395 888 448 973 xij.
466 888 518 953 lib.
534 887 625 953 etde
641 887 758 952 ultimo
772 910 857 952 anno
873 888 905 953 ei
919 896 1025 953 aoetro
1040 898 1118 954 sunt
1132 889 1175 975 xj.

64 995 116 1057 lih
131 1010 165 1058 et
183 993 259 1057 inde
275 992 427 1079 producit
440 1003 561 1057 sectam
576 991 801 1057 sufficientem.

129 1098 171 1162 Et
204 1095 363 1162 Ricardus
392 1118 451 1182 per
478 1103 681 1160 attornatum
711 1118 806 1160 suum
837 1096 929 1160 uenit
960 1105 995 1161 et
1027 1095 1175 1163 defendit

63 1218 174 1266 <nnus
195 1225 271 1266 eum
295 1212 330 1264 et
352 1211 465 1265 contra
485 1210 607 1264 sectum
627 1222 720 1264 suam
740 1199 826 1285 quod
847 1200 947 1264 nichil
963 1201 994 1265 ei
1009 1199 1107 1265 debet
1122 1210 1174 1266 set

64 1328 175 1371 reuera
196 1306 267 1391 ipse
290 1304 414 1390 recepit
436 1313 554 1367 terram
577 1303 667 1368 illam
687 1303 730 1367 ad
749 1303 876 1367 firmam
891 1304 976 1369 sicut
990 1305 1172 1391 predictum

65 1428 120 1479 ut
133 1426 183 1474 stt
200 1410 287 1475 idcm
305 1409 405 1495 Hugo
419 1408 454 1473 in
468 1406 533 1471 tine
549 1407 594 1472 v⁸¹.
610 1407 687 1471 anni
702 1406 795 1471 uenit
810 1406 887 1472 illuc
905 1430 979 1472 oum
1000 1431 1099 1473 uxore
1113 1432 1173 1475 sua

67 1532 99 1578 et
110 1515 206 1579 eiecit
221 1536 298 1579 cum
314 1512 355 1578 de
372 1511 529 1576 termille
544 1533 601 1597 per
610 1510 636 1596 j.
651 1532 774 1574 annum
789 1518 866 1575 ante
885 1512 1060 1576 terminum
1075 1535 1171 1577 suum

68 1620 258 1706 mpletum
275 1630 311 1682 ct
325 1616 463 1681 abstulit
480 1616 511 1680 ei
526 1617 651 1680 firmam
668 1623 703 1679 et
717 1613 860 1692 bladum,
874 1625 909 1680 et
926 1615 1058 1680 iuterim
1079 1617 1172 1682 uenit

71 1722 238 1809 Epinpus
252 1720 294 1786 de
312 1719 503 1785 Herefordia
523 1741 581 1804 per
600 1718 795 1805 peticionem
811 1719 955 1784 eiusdem
972 1720 1122 1807 Hugonis
1136 1729 1171 1785 et

70 1826 154 1891 decit
168 1849 246 1891 cum
261 1823 404 1890 seeundo
418 1824 459 1889 dc
474 1835 561 1888 terra
575 1823 633 1888 illa
650 1846 708 1909 per
727 1822 813 1910 quod
832 1823 1048 1889 deterioratos
1066 1835 1116 1889 est
1136 1834 1171 1889 et

71 1927 237 2016 dampnum
254 1929 356 1994 habet
368 1927 412 1993 sd
427 1928 605 1992 uslencism
622 1928 674 2012 xij.
693 1926 745 1992 lib.
761 1938 796 1991 et
812 1928 887 1993 inde
909 1929 1001 2014 ponit
1020 1951 1054 1993 se
1074 1951 1172 2014 super

72 2034 207 2117 patriam,
217 2042 271 2098 set
286 2032 369 2097 bene
385 2031 548 2116 cognoscit
562 2031 648 2118 quod
663 2031 690 2095 si
707 2031 872 2096 habuisset
888 2031 1062 2095 terminum
1078 2031 1170 2096 illurn

72 2138 269 2221 capicium,
284 2150 363 2200 tunc
378 2134 513 2200 deberet
527 2135 558 2199 ei
573 2135 615 2220 xj.
633 2134 686 2200 lib.
701 2134 742 2200 de
756 2135 918 2222 areragiis

127 2241 165 2304 Et
185 2240 286 2327 Hugo
300 2238 448 2305 defendit
462 2238 548 2325 quod
564 2260 729 2324 nunquam
751 2238 848 2302 eiecit
866 2260 942 2303 eum
963 2238 1063 2303 immo
1083 2237 1170 2305 idem

74 2340 218 2408 Binrdus
251 2345 347 2430 piene
383 2343 499 2407 habuit
534 2343 710 2407 terminum
740 2366 846 2419 suum,
873 2344 951 2430 quia
978 2343 1020 2408 ad
1051 2345 1169 2409 festum

72 2448 207 2513 Annuus.
222 2449 257 2513 R
271 2449 373 2514 hisrie
391 2447 535 2534 proximo
550 2456 712 2512 transacto
723 2447 826 2532 primo
839 2448 946 2533 posuit
958 2472 992 2513 se
1004 2448 1036 2513 iu
1050 2460 1169 2514 terram

72 2570 162 2627 nm,
185 2565 261 2639 post
291 2551 467 2617 terminum
489 2572 585 2615 suum
611 2559 801 2614 contentum
827 2549 861 2614 in
887 2550 1085 2636 cyrographo
1111 2572 1171 2615 uec

72 2654 182 2739 tiiqnid
203 2655 293 2741 oepit
315 2655 404 2719 intra
428 2653 605 2718 terminum
631 2675 691 2717 neo
717 2652 850 2717 bladum
875 2675 933 2716 nec
958 2653 1084 2718 firmam
1111 2675 1171 2718 nec

75 2756 182 2842 utquid
205 2758 239 2822 in
263 2756 386 2821 mundo
407 2767 443 2820 et
469 2755 528 2820 hoc
554 2756 649 2820 offert
673 2754 844 2819 defendere
871 2755 955 2819 sicut
981 2757 1071 2820 curia
1095 2778 1169 2820 con·

74 2856 251 2925 &merit
272 2872 308 2924 et
328 2859 417 2946 petit
437 2859 500 2924 sibi
521 2858 651 2923 alloosri
672 2857 759 2944 quod
781 2859 943 2944 cognoscit
964 2858 1112 2923 debitum
1135 2868 1170 2924 ot

75 2963 310 3027 maueuciouem
332 2973 393 3027 etc
443 2961 561 3027 Poste⁸
580 2960 704 3026 dedicit
725 2970 910 3024 attornatus
932 2960 1061 3025 Ricardi
1082 2960 1294 3047 quodmm

78 3082 129 3127 au
141 3065 320 3152 amomuit
335 3065 468 3130 bladum
483 3075 519 3130 et
533 3065 633 3130 nichil
654 3074 779 3129 certum
799 3064 879 3128 dicit
899 3076 1058 3151 quantum
1080 3066 1170 3131 firme

81 3163 163 3253 Bago
188 3172 277 3257 oepit
307 3193 367 3236 nec
397 3182 498 3236 testes
526 3170 577 3235 sui
608 3169 732 3256 aliquid
762 3168 838 3234 inde
866 3171 982 3235 sciunt
1029 3171 1073 3235 Et
1098 3170 1171 3236 ideo

81 3273 298 3340 moderatum
322 3285 374 3340 cst
396 3274 482 3362 quod
504 3275 604 3362 Hugo
625 3275 829 3360 recuperauit
849 3274 997 3339 debitum
1018 3298 1113 3339 suum
1129 3274 1170 3360 xj.

83 3372 132 3444 hh,
143 3390 175 3441 ct
191 3379 348 3445 Rimrdus
362 3380 397 3444 in
412 3379 629 3445 misericordie
642 3391 704 3445 etc

10 3477 47 3540 'ti
133 3479 266 3547 thonn-
286 3482 329 3548 de
349 3483 523 3570 Senotegui
542 3484 627 3570 petit
650 3507 762 3549 uersus
784 3484 950 3548 Jollanum
972 3484 1013 3549 de
1037 3483 1171 3547 Neuilla
1229 3489 1286 3530 ΗΜ

83 3598 162 3661 «μω
179 3584 293 3651 Simon
315 3584 357 3650 de
377 3585 512 3672 Chancy
533 3586 665 3651 uocauit
687 3584 729 3651 ad
752 3597 930 3651 warantum
953 3597 988 3651 et
1010 3583 1093 3649 Alic’
1116 3581 1169 3648 ux'

84 3683 139 3747 ὼ
155 3702 187 3752 et
206 3689 263 3775 qui
283 3689 331 3754 eis
352 3690 438 3754 'ai'
459 3690 539 3776 xiiij.
555 3689 662 3755 boust.
680 3701 763 3754 terre
786 3713 859 3754 cum
883 3702 963 3775 port
980 3691 1012 3755 iu
1032 3689 1169 3776 Wslcby

87 3800 113 3844 u
130 3787 174 3851 ius
191 3812 297 3864 mum,
312 3790 400 3855 unde
424 3791 569 3877 Rogerus
592 3791 677 3856 filius
700 3790 874 3877 Fulconisl
896 3792 958 3855 fuit
979 3793 1109 3855 saisitus
1132 3804 1170 3855 ut
1219 3801 1297 3851 naht

84 3886 116 3950 dt
127 3893 210 3959 tundo
222 3909 258 3960 ct
273 3897 343 3961 iure
358 3908 504 3984 ternpore
519 3897 619 3984 Regis
635 3897 764 3962 Ricardi
779 3895 936 3982 capiendo
951 3897 1026 3961 iude
1039 3897 1171 3982 expleta

86 3990 119 4055 ld
141 3998 312 4064 minuciam
343 4011 403 4064 etc
433 4011 469 4064 ct
497 3999 538 4064 de
568 4000 638 4086 ipso
674 4000 800 4083 Rogero
837 3999 1004 4065 descendit
1040 4000 1168 4064 cuidam

90 4090 228 4165 Witetmo
242 4103 308 4166 filio
322 4126 381 4166 suo
394 4114 430 4167 et
444 4103 485 4166 de
501 4103 571 4189 ipso
587 4103 749 4167 Wiliclmo
765 4104 840 4167 huic
857 4104 978 4168 Thorne
995 4115 1033 4167 ut
1048 4104 1114 4167 filio
1135 4116 1170 4168 et

92 4195 177 4268 hod
196 4229 255 4270 suo
276 4217 311 4269 et
338 4207 393 4272 ubi
417 4230 481 4272 non
508 4208 606 4272 habet
630 4208 807 4293 ingressum
834 4209 894 4273 nisi
922 4232 979 4295 per
1003 4208 1169 4273 Jollanum

94 4319 191 4379 imm
213 4333 307 4375 suum
327 4311 379 4375 cui
400 4313 511 4399 Agnes
531 4312 692 4399 quondam
715 4335 794 4377 uxor
814 4312 950 4399 predicti
972 4312 1089 4399 Rogcri
1111 4312 1170 4377 tilii

133 4434 526 4491 'thmvmustm
560 4439 1102 4503 Thsynunsntshsrsronshsdtoltsa.

999 4541 1081 4602 1-2
