<?xml version="1.0" encoding="UTF-8"?>
<!DOCTYPE html PUBLIC "-//W3C//DTD XHTML 1.0 Transitional//EN"
    "http://www.w3.org/TR/xhtml1/DTD/xhtml1-transitional.dtd">
<html xmlns="http://www.w3.org/1999/xhtml" xml:lang="en" lang="en">
 <head>
  <title>
</title>
<meta http-equiv="Content-Type" content="text/html;charset=utf-8" />
  <meta name='ocr-system' content='tesseract 3.04.00' />
  <meta name='ocr-capabilities' content='ocr_page ocr_carea ocr_par ocr_line ocrx_word'/>
</head>
<body>
  <div class='ocr_page' id='page_1' title='image "./bractonsnoteboo02bracgoog/bractonsnoteboo02bracgoog_0039.png"; bbox 0 0 2926 5100; ppageno 0'>
   <div class='ocr_carea' id='block_1_1' title="bbox 426 372 1220 447">
    <p class='ocr_par' dir='ltr' id='par_1_1' title="bbox 426 372 1220 447">
     <span class='ocr_line' id='line_1_1' title="bbox 426 372 1220 447; baseline -0.001 -10"><span class='ocrx_word' id='word_1_1' title='bbox 426 387 564 447; x_wconf 73' lang='lat' dir='ltr'>nassas,</span> <span class='ocrx_word' id='word_1_2' title='bbox 586 386 651 436; x_wconf 74' lang='lat' dir='ltr'>nn.</span> <span class='ocrx_word' id='word_1_3' title='bbox 677 374 769 447; x_wconf 76' lang='lat'>1224,</span> <span class='ocrx_word' id='word_1_4' title='bbox 791 387 854 438; x_wconf 74' lang='lat' dir='ltr'>aa</span> <span class='ocrx_word' id='word_1_5' title='bbox 877 375 906 436; x_wconf 89' lang='lat'>8.</span> <span class='ocrx_word' id='word_1_6' title='bbox 1178 372 1220 436; x_wconf 78' lang='lat'>29</span> 
     </span>
    </p>
   </div>
   <div class='ocr_carea' id='block_1_2' title="bbox 73 552 1340 3858">
    <p class='ocr_par' dir='ltr' id='par_1_2' title="bbox 73 552 1340 3858">
     <span class='ocr_line' id='line_1_2' title="bbox 124 552 1224 641; baseline 0.002 -24"><span class='ocrx_word' id='word_1_7' title='bbox 124 552 193 618; x_wconf 78' lang='lat' dir='ltr'>asin</span> <span class='ocrx_word' id='word_1_8' title='bbox 208 575 362 639; x_wconf 76' lang='lat' dir='ltr'>magnam</span> <span class='ocrx_word' id='word_1_9' title='bbox 380 553 513 618; x_wconf 67' lang='lat' dir='ltr'>animm</span> <span class='ocrx_word' id='word_1_10' title='bbox 535 554 628 619; x_wconf 74' lang='lat' dir='ltr'>Dona</span> <span class='ocrx_word' id='word_1_11' title='bbox 645 554 745 641; x_wconf 80' lang='lat' dir='ltr'>Regis</span> <span class='ocrx_word' id='word_1_12' title='bbox 768 555 801 619; x_wconf 87' lang='lat' dir='ltr'>in</span> <span class='ocrx_word' id='word_1_13' title='bbox 824 554 981 619; x_wconf 72' lang='lat' dir='ltr'>comitatu</span> <span class='ocrx_word' id='word_1_14' title='bbox 1005 577 1117 619; x_wconf 84' lang='lat' dir='ltr'>uersus</span> <span class='ocrx_word' id='word_1_15' title='bbox 1139 577 1224 630; x_wconf 86' lang='lat' dir='ltr'>eum,</span> 
     </span>
     <span class='ocr_line' id='line_1_3' title="bbox 128 657 1224 745; baseline 0.004 -25"><span class='ocrx_word' id='word_1_16' title='bbox 128 674 153 720; x_wconf 78' lang='lat' dir='ltr'>et</span> <span class='ocrx_word' id='word_1_17' title='bbox 163 657 258 722; x_wconf 66' lang='lat' dir='ltr'>usin</span> <span class='ocrx_word' id='word_1_18' title='bbox 273 658 474 723; x_wconf 86' lang='lat' dir='ltr'>summonita</span> <span class='ocrx_word' id='word_1_19' title='bbox 487 670 547 734; x_wconf 89' lang='lat' dir='ltr'>est,</span> <span class='ocrx_word' id='word_1_20' title='bbox 557 669 592 723; x_wconf 86' lang='lat' dir='ltr'>et</span> <span class='ocrx_word' id='word_1_21' title='bbox 608 659 692 745; x_wconf 87' lang='lat' dir='ltr'>petit</span> <span class='ocrx_word' id='word_1_22' title='bbox 704 658 860 724; x_wconf 86' lang='lat' dir='ltr'>iudicium</span> <span class='ocrx_word' id='word_1_23' title='bbox 874 659 902 724; x_wconf 90' lang='lat' dir='ltr'>si</span> <span class='ocrx_word' id='word_1_24' title='bbox 917 681 1015 745; x_wconf 88' lang='lat' dir='ltr'>anper</span> <span class='ocrx_word' id='word_1_25' title='bbox 1030 660 1089 724; x_wconf 87' lang='lat' dir='ltr'>hoc</span> <span class='ocrx_word' id='word_1_26' title='bbox 1104 659 1224 724; x_wconf 90' lang='lat' dir='ltr'>debeat</span> 
     </span>
     <span class='ocr_line' id='line_1_4' title="bbox 129 760 1225 850; baseline 0.004 -25"><span class='ocrx_word' id='word_1_27' title='bbox 129 760 160 824; x_wconf 80' lang='lat' dir='ltr'>de</span> <span class='ocrx_word' id='word_1_28' title='bbox 181 763 336 827; x_wconf 72' lang='lat' dir='ltr'>warentia</span> <span class='ocrx_word' id='word_1_29' title='bbox 363 761 565 849; x_wconf 82' lang='lat' dir='ltr'>respondere.</span> <span class='ocrx_word' id='word_1_30' title='bbox 627 763 670 827; x_wconf 86' lang='lat' dir='ltr'>Et</span> <span class='ocrx_word' id='word_1_31' title='bbox 699 762 790 827; x_wconf 85' lang='lat' dir='ltr'>Prior</span> <span class='ocrx_word' id='word_1_32' title='bbox 817 765 980 850; x_wconf 74' lang='lat' dir='ltr'>cognoscit</span> <span class='ocrx_word' id='word_1_33' title='bbox 1010 763 1096 850; x_wconf 92' lang='lat' dir='ltr'>quod</span> <span class='ocrx_word' id='word_1_34' title='bbox 1125 763 1225 828; x_wconf 78' lang='lat' dir='ltr'>assisa</span> 
     </span>
     <span class='ocr_line' id='line_1_5' title="bbox 132 866 1225 953; baseline 0.003 -24"><span class='ocrx_word' id='word_1_35' title='bbox 132 867 309 931; x_wconf 76' lang='lat' dir='ltr'>mnmmita</span> <span class='ocrx_word' id='word_1_36' title='bbox 329 880 381 931; x_wconf 84' lang='lat' dir='ltr'>est</span> <span class='ocrx_word' id='word_1_37' title='bbox 403 880 439 931; x_wconf 90' lang='lat' dir='ltr'>et</span> <span class='ocrx_word' id='word_1_38' title='bbox 460 866 547 953; x_wconf 89' lang='lat' dir='ltr'>quod</span> <span class='ocrx_word' id='word_1_39' title='bbox 568 866 678 952; x_wconf 87' lang='lat' dir='ltr'>posuit</span> <span class='ocrx_word' id='word_1_40' title='bbox 698 890 732 930; x_wconf 90' lang='lat' dir='ltr'>se</span> <span class='ocrx_word' id='word_1_41' title='bbox 753 867 786 931; x_wconf 94' lang='lat' dir='ltr'>in</span> <span class='ocrx_word' id='word_1_42' title='bbox 803 867 892 932; x_wconf 91' lang='lat' dir='ltr'>illam</span> <span class='ocrx_word' id='word_1_43' title='bbox 907 868 1048 932; x_wconf 75' lang='lat' dir='ltr'>assisam.</span> <span class='ocrx_word' id='word_1_44' title='bbox 1092 868 1137 932; x_wconf 86' lang='lat' dir='ltr'>Et</span> <span class='ocrx_word' id='word_1_45' title='bbox 1151 867 1225 932; x_wconf 89' lang='lat' dir='ltr'>ideo</span> 
     </span>
     <span class='ocr_line' id='line_1_6' title="bbox 136 970 1224 1057; baseline 0.003 -24"><span class='ocrx_word' id='word_1_46' title='bbox 136 970 349 1035; x_wconf 69' lang='lat' dir='ltr'>mandentum</span> <span class='ocrx_word' id='word_1_47' title='bbox 372 983 424 1036; x_wconf 86' lang='lat' dir='ltr'>est</span> <span class='ocrx_word' id='word_1_48' title='bbox 446 970 532 1056; x_wconf 82' lang='lat' dir='ltr'>quod</span> <span class='ocrx_word' id='word_1_49' title='bbox 554 971 655 1034; x_wconf 72' lang='lat' dir='ltr'>assisa</span> <span class='ocrx_word' id='word_1_50' title='bbox 674 971 827 1056; x_wconf 89' lang='lat' dir='ltr'>procedat</span> <span class='ocrx_word' id='word_1_51' title='bbox 848 971 881 1036; x_wconf 94' lang='lat' dir='ltr'>in</span> <span class='ocrx_word' id='word_1_52' title='bbox 902 972 1069 1048; x_wconf 85' lang='lat' dir='ltr'>comitatu,</span> <span class='ocrx_word' id='word_1_53' title='bbox 1084 980 1119 1036; x_wconf 90' lang='lat' dir='ltr'>et</span> <span class='ocrx_word' id='word_1_54' title='bbox 1138 970 1224 1057; x_wconf 93' lang='lat' dir='ltr'>quod</span> 
     </span>
     <span class='ocr_line' id='line_1_7' title="bbox 139 1072 1052 1156; baseline 0.004 -20"><span class='ocrx_word' id='word_1_55' title='bbox 139 1072 267 1156; x_wconf 71' lang='lat' dir='ltr'>placitum</span> <span class='ocrx_word' id='word_1_56' title='bbox 284 1074 439 1137; x_wconf 69' lang='lat' dir='ltr'>warentia</span> <span class='ocrx_word' id='word_1_57' title='bbox 455 1074 646 1140; x_wconf 86' lang='lat' dir='ltr'>remaneat¹.</span> <span class='ocrx_word' id='word_1_58' title='bbox 691 1074 736 1139; x_wconf 84' lang='lat' dir='ltr'>Et</span> <span class='ocrx_word' id='word_1_59' title='bbox 752 1074 824 1139; x_wconf 91' lang='lat' dir='ltr'>ideo</span> <span class='ocrx_word' id='word_1_60' title='bbox 839 1075 908 1140; x_wconf 87' lang='lat' dir='ltr'>sine</span> <span class='ocrx_word' id='word_1_61' title='bbox 923 1075 976 1140; x_wconf 88' lang='lat' dir='ltr'>die</span> <span class='ocrx_word' id='word_1_62' title='bbox 992 1086 1052 1140; x_wconf 87' lang='lat' dir='ltr'>etc.</span> 
     </span>
     <span class='ocr_line' id='line_1_8' title="bbox 73 1172 1340 1264; baseline 0.002 -25"><span class='ocrx_word' id='word_1_63' title='bbox 73 1172 105 1233; x_wconf 69' lang='lat' dir='ltr'>&gt;l</span> <span class='ocrx_word' id='word_1_64' title='bbox 186 1176 277 1261; x_wconf 76' lang='lat' dir='ltr'>llugo</span> <span class='ocrx_word' id='word_1_65' title='bbox 292 1176 322 1241; x_wconf 91' lang='lat' dir='ltr'>le</span> <span class='ocrx_word' id='word_1_66' title='bbox 340 1178 432 1263; x_wconf 82' lang='lat' dir='ltr'>Heyr</span> <span class='ocrx_word' id='word_1_67' title='bbox 446 1177 545 1264; x_wconf 83' lang='lat' dir='ltr'>peciit</span> <span class='ocrx_word' id='word_1_68' title='bbox 560 1177 594 1242; x_wconf 91' lang='lat' dir='ltr'>in</span> <span class='ocrx_word' id='word_1_69' title='bbox 609 1177 767 1242; x_wconf 88' lang='lat' dir='ltr'>comitatu</span> <span class='ocrx_word' id='word_1_70' title='bbox 790 1200 903 1242; x_wconf 80' lang='lat' dir='ltr'>uersus</span> <span class='ocrx_word' id='word_1_71' title='bbox 925 1178 1104 1243; x_wconf 74' lang='lat' dir='ltr'>liebertum</span> <span class='ocrx_word' id='word_1_72' title='bbox 1120 1178 1223 1242; x_wconf 86' lang='lat' dir='ltr'>tilium</span> <span class='ocrx_word' id='word_1_73' title='bbox 1288 1184 1340 1225; x_wconf 65' lang='grc' dir='ltr'>Ν</span> 
     </span>
     <span class='ocr_line' id='line_1_9' title="bbox 144 1276 1225 1367; baseline 0.002 -24"><span class='ocrx_word' id='word_1_74' title='bbox 144 1276 254 1366; x_wconf 76' lang='lat' dir='ltr'>uilppi</span> <span class='ocrx_word' id='word_1_75' title='bbox 281 1280 419 1367; x_wconf 81' lang='lat' dir='ltr'>triginta</span> <span class='ocrx_word' id='word_1_76' title='bbox 444 1303 505 1345; x_wconf 85' lang='lat' dir='ltr'>aer.</span> <span class='ocrx_word' id='word_1_77' title='bbox 532 1292 615 1345; x_wconf 82' lang='lat' dir='ltr'>terre</span> <span class='ocrx_word' id='word_1_78' title='bbox 642 1302 715 1344; x_wconf 88' lang='lat' dir='ltr'>cum</span> <span class='ocrx_word' id='word_1_79' title='bbox 743 1290 823 1366; x_wconf 84' lang='lat' dir='ltr'>pert.</span> <span class='ocrx_word' id='word_1_80' title='bbox 848 1280 882 1344; x_wconf 93' lang='lat' dir='ltr'>in</span> <span class='ocrx_word' id='word_1_81' title='bbox 910 1280 1083 1345; x_wconf 87' lang='lat' dir='ltr'>Bolehurst</span> <span class='ocrx_word' id='word_1_82' title='bbox 1109 1291 1147 1345; x_wconf 89' lang='lat' dir='ltr'>ut</span> <span class='ocrx_word' id='word_1_83' title='bbox 1174 1280 1225 1345; x_wconf 90' lang='lat' dir='ltr'>ius</span> 
     </span>
     <span class='ocr_line' id='line_1_10' title="bbox 145 1384 1225 1456; baseline 0.003 -10"><span class='ocrx_word' id='word_1_84' title='bbox 145 1405 220 1456; x_wconf 80' lang='lat' dir='ltr'>uun,</span> <span class='ocrx_word' id='word_1_85' title='bbox 233 1384 319 1449; x_wconf 89' lang='lat' dir='ltr'>unde</span> <span class='ocrx_word' id='word_1_86' title='bbox 334 1385 540 1450; x_wconf 77' lang='lat' dir='ltr'>Thumtanus</span> <span class='ocrx_word' id='word_1_87' title='bbox 554 1408 636 1450; x_wconf 89' lang='lat' dir='ltr'>auus</span> <span class='ocrx_word' id='word_1_88' title='bbox 650 1407 729 1449; x_wconf 88' lang='lat' dir='ltr'>suus</span> <span class='ocrx_word' id='word_1_89' title='bbox 744 1385 807 1449; x_wconf 86' lang='lat' dir='ltr'>tuit</span> <span class='ocrx_word' id='word_1_90' title='bbox 822 1385 951 1450; x_wconf 83' lang='lat' dir='ltr'>saisitus</span> <span class='ocrx_word' id='word_1_91' title='bbox 972 1396 1011 1450; x_wconf 90' lang='lat' dir='ltr'>ut</span> <span class='ocrx_word' id='word_1_92' title='bbox 1023 1385 1065 1450; x_wconf 93' lang='lat' dir='ltr'>de</span> <span class='ocrx_word' id='word_1_93' title='bbox 1081 1385 1174 1451; x_wconf 77' lang='lat' dir='ltr'>feodo</span> <span class='ocrx_word' id='word_1_94' title='bbox 1190 1394 1225 1450; x_wconf 92' lang='lat' dir='ltr'>et</span> 
     </span>
     <span class='ocr_line' id='line_1_11' title="bbox 147 1485 1224 1575; baseline 0.002 -24"><span class='ocrx_word' id='word_1_95' title='bbox 147 1485 193 1551; x_wconf 81' lang='lat' dir='ltr'>iue</span> <span class='ocrx_word' id='word_1_96' title='bbox 216 1502 246 1552; x_wconf 84' lang='lat' dir='ltr'>et</span> <span class='ocrx_word' id='word_1_97' title='bbox 275 1489 309 1554; x_wconf 92' lang='lat' dir='ltr'>in</span> <span class='ocrx_word' id='word_1_98' title='bbox 339 1488 501 1553; x_wconf 75' lang='lat' dir='ltr'>dominico</span> <span class='ocrx_word' id='word_1_99' title='bbox 531 1499 675 1574; x_wconf 84' lang='lat' dir='ltr'>tempore</span> <span class='ocrx_word' id='word_1_100' title='bbox 706 1488 747 1553; x_wconf 87' lang='lat' dir='ltr'>H.</span> <span class='ocrx_word' id='word_1_101' title='bbox 781 1488 879 1575; x_wconf 83' lang='lat' dir='ltr'>Regis</span> <span class='ocrx_word' id='word_1_102' title='bbox 908 1488 963 1553; x_wconf 90' lang='lat' dir='ltr'>aui</span> <span class='ocrx_word' id='word_1_103' title='bbox 999 1488 1092 1553; x_wconf 84' lang='lat' dir='ltr'>Dom</span> <span class='ocrx_word' id='word_1_104' title='bbox 1123 1487 1224 1574; x_wconf 80' lang='lat' dir='ltr'>Regis</span> 
     </span>
     <span class='ocr_line' id='line_1_12' title="bbox 145 1591 1223 1679; baseline -0.002 -21"><span class='ocrx_word' id='word_1_105' title='bbox 145 1591 268 1675; x_wconf 68' lang='lat' dir='ltr'>spendo</span> <span class='ocrx_word' id='word_1_106' title='bbox 296 1593 374 1658; x_wconf 87' lang='lat' dir='ltr'>inde</span> <span class='ocrx_word' id='word_1_107' title='bbox 403 1592 536 1679; x_wconf 83' lang='lat' dir='ltr'>expleta</span> <span class='ocrx_word' id='word_1_108' title='bbox 570 1591 612 1657; x_wconf 90' lang='lat' dir='ltr'>ad</span> <span class='ocrx_word' id='word_1_109' title='bbox 649 1592 829 1658; x_wconf 89' lang='lat' dir='ltr'>ualenciam</span> <span class='ocrx_word' id='word_1_110' title='bbox 868 1616 896 1658; x_wconf 87' lang='lat' dir='ltr'>v.</span> <span class='ocrx_word' id='word_1_111' title='bbox 925 1594 980 1657; x_wconf 90' lang='lat' dir='ltr'>sol.</span> <span class='ocrx_word' id='word_1_112' title='bbox 1011 1603 1081 1669; x_wconf 64' lang='lat' dir='ltr'>etc„</span> <span class='ocrx_word' id='word_1_113' title='bbox 1111 1603 1146 1657; x_wconf 89' lang='lat' dir='ltr'>et</span> <span class='ocrx_word' id='word_1_114' title='bbox 1182 1591 1223 1656; x_wconf 88' lang='lat' dir='ltr'>de</span> 
     </span>
     <span class='ocr_line' id='line_1_13' title="bbox 147 1692 1223 1772; baseline 0.003 -16"><span class='ocrx_word' id='word_1_115' title='bbox 147 1692 295 1760; x_wconf 73' lang='lat' dir='ltr'>nummo</span> <span class='ocrx_word' id='word_1_116' title='bbox 309 1695 478 1761; x_wconf 86' lang='lat' dir='ltr'>deseendit</span> <span class='ocrx_word' id='word_1_117' title='bbox 497 1696 548 1761; x_wconf 92' lang='lat' dir='ltr'>ius</span> <span class='ocrx_word' id='word_1_118' title='bbox 571 1705 655 1760; x_wconf 84' lang='lat' dir='ltr'>terre</span> <span class='ocrx_word' id='word_1_119' title='bbox 676 1696 764 1760; x_wconf 85' lang='lat' dir='ltr'>illius</span> <span class='ocrx_word' id='word_1_120' title='bbox 785 1696 945 1762; x_wconf 75' lang='lat' dir='ltr'>Gitibeno</span> <span class='ocrx_word' id='word_1_121' title='bbox 965 1696 1032 1761; x_wconf 86' lang='lat' dir='ltr'>filio</span> <span class='ocrx_word' id='word_1_122' title='bbox 1051 1718 1118 1772; x_wconf 81' lang='lat' dir='ltr'>suo,</span> <span class='ocrx_word' id='word_1_123' title='bbox 1133 1695 1223 1760; x_wconf 86' lang='lat' dir='ltr'>etde</span> 
     </span>
     <span class='ocr_line' id='line_1_14' title="bbox 147 1798 1224 1887; baseline 0.005 -28"><span class='ocrx_word' id='word_1_124' title='bbox 147 1798 272 1863; x_wconf 74' lang='lat' dir='ltr'>dilibuto</span> <span class='ocrx_word' id='word_1_125' title='bbox 287 1799 364 1864; x_wconf 86' lang='lat' dir='ltr'>huic</span> <span class='ocrx_word' id='word_1_126' title='bbox 381 1799 515 1887; x_wconf 78' lang='lat' dir='ltr'>Hugoni</span> <span class='ocrx_word' id='word_1_127' title='bbox 531 1809 569 1863; x_wconf 90' lang='lat' dir='ltr'>ut</span> <span class='ocrx_word' id='word_1_128' title='bbox 584 1799 651 1863; x_wconf 89' lang='lat' dir='ltr'>filio</span> <span class='ocrx_word' id='word_1_129' title='bbox 666 1810 701 1863; x_wconf 88' lang='lat' dir='ltr'>et</span> <span class='ocrx_word' id='word_1_130' title='bbox 717 1799 827 1864; x_wconf 86' lang='lat' dir='ltr'>heredi</span> <span class='ocrx_word' id='word_1_131' title='bbox 842 1823 910 1876; x_wconf 84' lang='lat' dir='ltr'>suo,</span> <span class='ocrx_word' id='word_1_132' title='bbox 924 1809 960 1864; x_wconf 90' lang='lat' dir='ltr'>et</span> <span class='ocrx_word' id='word_1_133' title='bbox 973 1799 1060 1886; x_wconf 90' lang='lat' dir='ltr'>quod</span> <span class='ocrx_word' id='word_1_134' title='bbox 1076 1800 1141 1864; x_wconf 86' lang='lat' dir='ltr'>tale</span> <span class='ocrx_word' id='word_1_135' title='bbox 1160 1799 1224 1864; x_wconf 82' lang='lat' dir='ltr'>tuit</span> 
     </span>
     <span class='ocr_line' id='line_1_15' title="bbox 150 1899 1223 1992; baseline 0.003 -29"><span class='ocrx_word' id='word_1_136' title='bbox 150 1899 184 1964; x_wconf 80' lang='lat' dir='ltr'>ius</span> <span class='ocrx_word' id='word_1_137' title='bbox 194 1926 273 1969; x_wconf 77' lang='lat' dir='ltr'>mum</span> <span class='ocrx_word' id='word_1_138' title='bbox 292 1905 414 1992; x_wconf 79' lang='lat' dir='ltr'>optulit</span> <span class='ocrx_word' id='word_1_139' title='bbox 431 1903 564 1990; x_wconf 81' lang='lat' dir='ltr'>pmbare</span> <span class='ocrx_word' id='word_1_140' title='bbox 580 1926 767 1990; x_wconf 81' lang='lat' dir='ltr'>percorpus</span> <span class='ocrx_word' id='word_1_141' title='bbox 786 1903 954 1969; x_wconf 89' lang='lat' dir='ltr'>cuiusdam</span> <span class='ocrx_word' id='word_1_142' title='bbox 976 1903 1067 1968; x_wconf 89' lang='lat' dir='ltr'>liberi</span> <span class='ocrx_word' id='word_1_143' title='bbox 1084 1902 1223 1967; x_wconf 87' lang='lat' dir='ltr'>hominia</span> 
     </span>
     <span class='ocr_line' id='line_1_16' title="bbox 147 2007 1212 2096; baseline 0.002 -26"><span class='ocrx_word' id='word_1_144' title='bbox 147 2008 182 2070; x_wconf 74' lang='lat' dir='ltr'>ni</span> <span class='ocrx_word' id='word_1_145' title='bbox 194 2009 384 2096; x_wconf 78' lang='lat' dir='ltr'>Stephanum</span> <span class='ocrx_word' id='word_1_146' title='bbox 401 2008 554 2073; x_wconf 87' lang='lat' dir='ltr'>Gambun</span> <span class='ocrx_word' id='word_1_147' title='bbox 570 2009 626 2094; x_wconf 85' lang='lat' dir='ltr'>qui</span> <span class='ocrx_word' id='word_1_148' title='bbox 642 2009 702 2073; x_wconf 89' lang='lat' dir='ltr'>hoe</span> <span class='ocrx_word' id='word_1_149' title='bbox 717 2009 812 2072; x_wconf 80' lang='lat' dir='ltr'>offert</span> <span class='ocrx_word' id='word_1_150' title='bbox 827 2019 886 2074; x_wconf 81' lang='lat' dir='ltr'>eta.</span> <span class='ocrx_word' id='word_1_151' title='bbox 902 2008 987 2072; x_wconf 86' lang='lat' dir='ltr'>sicut</span> <span class='ocrx_word' id='word_1_152' title='bbox 1001 2007 1042 2072; x_wconf 92' lang='lat' dir='ltr'>de</span> <span class='ocrx_word' id='word_1_153' title='bbox 1059 2007 1130 2071; x_wconf 92' lang='lat' dir='ltr'>uisu</span> <span class='ocrx_word' id='word_1_154' title='bbox 1146 2030 1212 2072; x_wconf 88' lang='lat' dir='ltr'>suo.</span> 
     </span>
     <span class='ocr_line' id='line_1_17' title="bbox 194 2111 1221 2179; baseline -0.001 -2"><span class='ocrx_word' id='word_1_155' title='bbox 194 2111 399 2179; x_wconf 72' lang='lat' dir='ltr'>Etllobertus</span> <span class='ocrx_word' id='word_1_156' title='bbox 415 2112 508 2176; x_wconf 88' lang='lat' dir='ltr'>uenit</span> <span class='ocrx_word' id='word_1_157' title='bbox 522 2134 628 2176; x_wconf 86' lang='lat' dir='ltr'>coram</span> <span class='ocrx_word' id='word_1_158' title='bbox 645 2111 830 2176; x_wconf 86' lang='lat' dir='ltr'>iusticiariis</span> <span class='ocrx_word' id='word_1_159' title='bbox 844 2120 879 2176; x_wconf 89' lang='lat' dir='ltr'>et</span> <span class='ocrx_word' id='word_1_160' title='bbox 894 2111 1040 2177; x_wconf 81' lang='lat' dir='ltr'>defendit</span> <span class='ocrx_word' id='word_1_161' title='bbox 1055 2111 1106 2175; x_wconf 89' lang='lat' dir='ltr'>ius</span> <span class='ocrx_word' id='word_1_162' title='bbox 1125 2134 1221 2176; x_wconf 89' lang='lat' dir='ltr'>suum</span> 
     </span>
     <span class='ocr_line' id='line_1_18' title="bbox 146 2212 1221 2302; baseline 0.001 -24"><span class='ocrx_word' id='word_1_163' title='bbox 146 2212 205 2278; x_wconf 70' lang='lat' dir='ltr'>sieut</span> <span class='ocrx_word' id='word_1_164' title='bbox 218 2217 299 2302; x_wconf 74' lang='lat' dir='ltr'>psius</span> <span class='ocrx_word' id='word_1_165' title='bbox 313 2216 462 2282; x_wconf 77' lang='lat' dir='ltr'>defendit</span> <span class='ocrx_word' id='word_1_166' title='bbox 477 2216 512 2281; x_wconf 92' lang='lat' dir='ltr'>in</span> <span class='ocrx_word' id='word_1_167' title='bbox 526 2215 684 2279; x_wconf 87' lang='lat' dir='ltr'>comitatu</span> <span class='ocrx_word' id='word_1_168' title='bbox 701 2237 758 2301; x_wconf 86' lang='lat' dir='ltr'>per</span> <span class='ocrx_word' id='word_1_169' title='bbox 772 2238 889 2301; x_wconf 87' lang='lat' dir='ltr'>corpus</span> <span class='ocrx_word' id='word_1_170' title='bbox 903 2238 999 2280; x_wconf 90' lang='lat' dir='ltr'>suum</span> <span class='ocrx_word' id='word_1_171' title='bbox 1016 2224 1050 2279; x_wconf 86' lang='lat' dir='ltr'>et</span> <span class='ocrx_word' id='word_1_172' title='bbox 1069 2215 1221 2279; x_wconf 75' lang='lat' dir='ltr'>saisinam</span> 
     </span>
     <span class='ocr_line' id='line_1_19' title="bbox 145 2314 1220 2386; baseline 0.003 -5"><span class='ocrx_word' id='word_1_173' title='bbox 145 2314 285 2386; x_wconf 70' lang='lat' dir='ltr'>numani</span> <span class='ocrx_word' id='word_1_174' title='bbox 297 2334 333 2385; x_wconf 85' lang='lat' dir='ltr'>et</span> <span class='ocrx_word' id='word_1_175' title='bbox 346 2333 452 2385; x_wconf 88' lang='lat' dir='ltr'>totum</span> <span class='ocrx_word' id='word_1_176' title='bbox 465 2331 525 2384; x_wconf 77' lang='lat' dir='ltr'>ete</span> <span class='ocrx_word' id='word_1_177' title='bbox 537 2330 571 2383; x_wconf 90' lang='lat' dir='ltr'>et</span> <span class='ocrx_word' id='word_1_178' title='bbox 584 2319 676 2383; x_wconf 89' lang='lat' dir='ltr'>uenit</span> <span class='ocrx_word' id='word_1_179' title='bbox 687 2327 832 2383; x_wconf 82' lang='lat' dir='ltr'>annatus</span> <span class='ocrx_word' id='word_1_180' title='bbox 843 2329 877 2383; x_wconf 89' lang='lat' dir='ltr'>et</span> <span class='ocrx_word' id='word_1_181' title='bbox 891 2319 1039 2383; x_wconf 70' lang='lat' dir='ltr'>concede</span> <span class='ocrx_word' id='word_1_182' title='bbox 1054 2319 1220 2384; x_wconf 74' lang='lat' dir='ltr'>secondum</span> 
     </span>
     <span class='ocr_line' id='line_1_20' title="bbox 147 2421 1223 2510; baseline 0.001 -23"><span class='ocrx_word' id='word_1_183' title='bbox 147 2422 208 2501; x_wconf 68' lang='lat' dir='ltr'>quud</span> <span class='ocrx_word' id='word_1_184' title='bbox 232 2424 315 2489; x_wconf 90' lang='lat' dir='ltr'>idem</span> <span class='ocrx_word' id='word_1_185' title='bbox 349 2424 448 2509; x_wconf 76' lang='lat' dir='ltr'>Hugo</span> <span class='ocrx_word' id='word_1_186' title='bbox 478 2422 688 2487; x_wconf 73' lang='lat' dir='ltr'>meonlatur&#39;.</span> <span class='ocrx_word' id='word_1_187' title='bbox 747 2423 790 2487; x_wconf 83' lang='lat' dir='ltr'>lit</span> <span class='ocrx_word' id='word_1_188' title='bbox 825 2421 913 2486; x_wconf 78' lang='lat' dir='ltr'>ideo⁸</span> <span class='ocrx_word' id='word_1_189' title='bbox 942 2423 1042 2510; x_wconf 82' lang='lat' dir='ltr'>Hugo</span> <span class='ocrx_word' id='word_1_190' title='bbox 1072 2423 1223 2488; x_wconf 86' lang='lat' dir='ltr'>similiter</span> 
     </span>
     <span class='ocr_line' id='line_1_21' title="bbox 144 2526 1221 2614; baseline -0.001 -21"><span class='ocrx_word' id='word_1_191' title='bbox 144 2528 271 2609; x_wconf 65' lang='lat' dir='ltr'>spo-cit</span> <span class='ocrx_word' id='word_1_192' title='bbox 295 2528 463 2593; x_wconf 72' lang='lat' dir='ltr'>reconlum</span> <span class='ocrx_word' id='word_1_193' title='bbox 488 2527 574 2614; x_wconf 86' lang='lat' dir='ltr'>quod</span> <span class='ocrx_word' id='word_1_194' title='bbox 599 2526 684 2592; x_wconf 91' lang='lat' dir='ltr'>idem</span> <span class='ocrx_word' id='word_1_195' title='bbox 712 2527 874 2591; x_wconf 81' lang='lat' dir='ltr'>Robertus</span> <span class='ocrx_word' id='word_1_196' title='bbox 901 2527 978 2592; x_wconf 82' lang='lat' dir='ltr'>lacit</span> <span class='ocrx_word' id='word_1_197' title='bbox 1004 2527 1065 2592; x_wconf 91' lang='lat' dir='ltr'>nisi</span> <span class='ocrx_word' id='word_1_198' title='bbox 1091 2537 1221 2592; x_wconf 88' lang='lat' dir='ltr'>tantum</span> 
     </span>
     <span class='ocr_line' id='line_1_22' title="bbox 144 2630 1221 2718; baseline 0.001 -23"><span class='ocrx_word' id='word_1_199' title='bbox 144 2631 205 2712; x_wconf 82' lang='lat' dir='ltr'>quad</span> <span class='ocrx_word' id='word_1_200' title='bbox 226 2633 303 2697; x_wconf 84' lang='lat' dir='ltr'>dicit</span> <span class='ocrx_word' id='word_1_201' title='bbox 329 2630 416 2718; x_wconf 85' lang='lat' dir='ltr'>quod</span> <span class='ocrx_word' id='word_1_202' title='bbox 442 2641 520 2695; x_wconf 87' lang='lat' dir='ltr'>sunt</span> <span class='ocrx_word' id='word_1_203' title='bbox 542 2630 584 2695; x_wconf 88' lang='lat' dir='ltr'>de</span> <span class='ocrx_word' id='word_1_204' title='bbox 610 2652 676 2694; x_wconf 87' lang='lat' dir='ltr'>uno</span> <span class='ocrx_word' id='word_1_205' title='bbox 699 2631 812 2716; x_wconf 78' lang='lat' dir='ltr'>stipite</span> <span class='ocrx_word' id='word_1_206' title='bbox 836 2641 871 2696; x_wconf 89' lang='lat' dir='ltr'>et</span> <span class='ocrx_word' id='word_1_207' title='bbox 898 2631 1009 2717; x_wconf 84' lang='lat' dir='ltr'>incip&#39;‘</span> <span class='ocrx_word' id='word_1_208' title='bbox 1035 2631 1221 2718; x_wconf 81' lang='lat' dir='ltr'>progeniem</span> 
     </span>
     <span class='ocr_line' id='line_1_23' title="bbox 144 2731 1144 2819; baseline 0 -20"><span class='ocrx_word' id='word_1_209' title='bbox 144 2752 210 2798; x_wconf 73' lang='lat' dir='ltr'>mm</span> <span class='ocrx_word' id='word_1_210' title='bbox 224 2750 297 2799; x_wconf 79' lang='lat' dir='ltr'>ante</span> <span class='ocrx_word' id='word_1_211' title='bbox 313 2750 443 2819; x_wconf 87' lang='lat' dir='ltr'>tempus</span> <span class='ocrx_word' id='word_1_212' title='bbox 457 2732 634 2797; x_wconf 76' lang='lat' dir='ltr'>Thumtani</span> <span class='ocrx_word' id='word_1_213' title='bbox 649 2745 684 2796; x_wconf 89' lang='lat' dir='ltr'>et</span> <span class='ocrx_word' id='word_1_214' title='bbox 699 2731 739 2797; x_wconf 89' lang='lat' dir='ltr'>de</span> <span class='ocrx_word' id='word_1_215' title='bbox 754 2735 943 2798; x_wconf 84' lang='lat' dir='ltr'>antecessor&#39;</span> <span class='ocrx_word' id='word_1_216' title='bbox 959 2733 1144 2799; x_wconf 81' lang='lat' dir='ltr'>Thuratani.</span> 
     </span>
     <span class='ocr_line' id='line_1_24' title="bbox 190 2835 1219 2923; baseline -0.002 -21"><span class='ocrx_word' id='word_1_217' title='bbox 190 2837 226 2902; x_wconf 68' lang='lat' dir='ltr'>aa</span> <span class='ocrx_word' id='word_1_218' title='bbox 251 2837 413 2903; x_wconf 82' lang='lat' dir='ltr'>Robertus</span> <span class='ocrx_word' id='word_1_219' title='bbox 437 2835 584 2901; x_wconf 80' lang='lat' dir='ltr'>defendit</span> <span class='ocrx_word' id='word_1_220' title='bbox 608 2836 808 2923; x_wconf 79' lang='lat' dir='ltr'>parentelam</span> <span class='ocrx_word' id='word_1_221' title='bbox 835 2847 870 2902; x_wconf 88' lang='lat' dir='ltr'>et</span> <span class='ocrx_word' id='word_1_222' title='bbox 895 2836 976 2901; x_wconf 85' lang='lat' dir='ltr'>dicit</span> <span class='ocrx_word' id='word_1_223' title='bbox 1004 2836 1090 2922; x_wconf 89' lang='lat' dir='ltr'>quod</span> <span class='ocrx_word' id='word_1_224' title='bbox 1121 2837 1219 2902; x_wconf 78' lang='lat' dir='ltr'>nichil</span> 
     </span>
     <span class='ocr_line' id='line_1_25' title="bbox 142 2934 721 3004; baseline 0.002 -3"><span class='ocrx_word' id='word_1_225' title='bbox 142 2934 196 3001; x_wconf 65' lang='lat' dir='ltr'>nde</span> <span class='ocrx_word' id='word_1_226' title='bbox 209 2941 346 3004; x_wconf 77' lang='lat' dir='ltr'>laentum</span> <span class='ocrx_word' id='word_1_227' title='bbox 364 2939 426 3002; x_wconf 84' lang='lat' dir='ltr'>luit</span> <span class='ocrx_word' id='word_1_228' title='bbox 441 2939 474 3003; x_wconf 90' lang='lat' dir='ltr'>in</span> <span class='ocrx_word' id='word_1_229' title='bbox 490 2939 646 3003; x_wconf 65' lang='lat' dir='ltr'>almitatu</span> <span class='ocrx_word' id='word_1_230' title='bbox 663 2950 721 3003; x_wconf 80' lang='lat' dir='ltr'>ete.</span> 
     </span>
     <span class='ocr_line' id='line_1_26' title="bbox 187 3041 1220 3132; baseline 0 -24"><span class='ocrx_word' id='word_1_231' title='bbox 187 3042 224 3108; x_wconf 78' lang='lat' dir='ltr'>Et</span> <span class='ocrx_word' id='word_1_232' title='bbox 236 3044 313 3132; x_wconf 85' lang='lat' dir='ltr'>quia</span> <span class='ocrx_word' id='word_1_233' title='bbox 329 3044 428 3128; x_wconf 74' lang='lat' dir='ltr'>liugn</span> <span class='ocrx_word' id='word_1_234' title='bbox 449 3043 593 3128; x_wconf 83' lang='lat' dir='ltr'>loquitur</span> <span class='ocrx_word' id='word_1_235' title='bbox 610 3041 652 3108; x_wconf 89' lang='lat' dir='ltr'>de</span> <span class='ocrx_word' id='word_1_236' title='bbox 673 3043 792 3107; x_wconf 82' lang='lat' dir='ltr'>saisina</span> <span class='ocrx_word' id='word_1_237' title='bbox 811 3042 987 3107; x_wconf 81' lang='lat' dir='ltr'>Thurstani</span> <span class='ocrx_word' id='word_1_238' title='bbox 1007 3041 1095 3128; x_wconf 85' lang='lat' dir='ltr'>p0st⁸</span> <span class='ocrx_word' id='word_1_239' title='bbox 1114 3041 1220 3129; x_wconf 86' lang='lat' dir='ltr'>eapud</span> 
     </span>
     <span class='ocr_line' id='line_1_27' title="bbox 140 3145 988 3233; baseline 0.005 -25"><span class='ocrx_word' id='word_1_240' title='bbox 140 3145 235 3231; x_wconf 63' lang='lat' dir='ltr'>nitatis</span> <span class='ocrx_word' id='word_1_241' title='bbox 247 3147 485 3213; x_wconf 78' lang='lat' dir='ltr'>consideratum</span> <span class='ocrx_word' id='word_1_242' title='bbox 502 3159 551 3211; x_wconf 89' lang='lat' dir='ltr'>est</span> <span class='ocrx_word' id='word_1_243' title='bbox 566 3146 653 3233; x_wconf 89' lang='lat' dir='ltr'>quod</span> <span class='ocrx_word' id='word_1_244' title='bbox 667 3147 812 3212; x_wconf 89' lang='lat' dir='ltr'>duellum</span> <span class='ocrx_word' id='word_1_245' title='bbox 828 3145 988 3233; x_wconf 82' lang='lat' dir='ltr'>procedat</span> 
     </span>
     <span class='ocr_line' id='line_1_28' title="bbox 187 3251 1221 3338; baseline 0 -22"><span class='ocrx_word' id='word_1_246' title='bbox 187 3251 222 3316; x_wconf 73' lang='lat' dir='ltr'>n</span> <span class='ocrx_word' id='word_1_247' title='bbox 244 3253 329 3318; x_wconf 79' lang='lat' dir='ltr'>idem</span> <span class='ocrx_word' id='word_1_248' title='bbox 353 3252 516 3316; x_wconf 83' lang='lat' dir='ltr'>Robertus</span> <span class='ocrx_word' id='word_1_249' title='bbox 538 3252 616 3317; x_wconf 82' lang='lat' dir='ltr'>fecit</span> <span class='ocrx_word' id='word_1_250' title='bbox 637 3265 875 3317; x_wconf 80' lang='lat' dir='ltr'>sacramentum</span> <span class='ocrx_word' id='word_1_251' title='bbox 897 3275 993 3317; x_wconf 89' lang='lat' dir='ltr'>suum</span> <span class='ocrx_word' id='word_1_252' title='bbox 1016 3263 1128 3316; x_wconf 82' lang='lat' dir='ltr'>eontra</span> <span class='ocrx_word' id='word_1_253' title='bbox 1150 3273 1221 3338; x_wconf 85' lang='lat' dir='ltr'>pre·</span> 
     </span>
     <span class='ocr_line' id='line_1_29' title="bbox 138 3351 1220 3443; baseline 0.003 -26"><span class='ocrx_word' id='word_1_254' title='bbox 138 3351 237 3421; x_wconf 75' lang='lat' dir='ltr'>detaut</span> <span class='ocrx_word' id='word_1_255' title='bbox 251 3356 481 3443; x_wconf 80' lang='lat' dir='ltr'>Stephanum‘,</span> <span class='ocrx_word' id='word_1_256' title='bbox 493 3366 527 3419; x_wconf 86' lang='lat' dir='ltr'>et</span> <span class='ocrx_word' id='word_1_257' title='bbox 542 3356 715 3422; x_wconf 87' lang='lat' dir='ltr'>cumidem</span> <span class='ocrx_word' id='word_1_258' title='bbox 731 3357 919 3442; x_wconf 84' lang='lat' dir='ltr'>Stephanus</span> <span class='ocrx_word' id='word_1_259' title='bbox 934 3356 1049 3422; x_wconf 89' lang='lat' dir='ltr'>debuit</span> <span class='ocrx_word' id='word_1_260' title='bbox 1065 3357 1170 3421; x_wconf 78' lang='lat' dir='ltr'>iuram</span> <span class='ocrx_word' id='word_1_261' title='bbox 1185 3366 1220 3421; x_wconf 87' lang='lat' dir='ltr'>et</span> 
     </span>
     <span class='ocr_line' id='line_1_30' title="bbox 140 3456 1220 3547; baseline 0 -22"><span class='ocrx_word' id='word_1_262' title='bbox 140 3456 248 3525; x_wconf 74' lang='lat' dir='ltr'>iuuet</span> <span class='ocrx_word' id='word_1_263' title='bbox 262 3461 373 3526; x_wconf 82' lang='lat' dir='ltr'>omnia</span> <span class='ocrx_word' id='word_1_264' title='bbox 388 3460 488 3525; x_wconf 83' lang='lat' dir='ltr'>uerba</span> <span class='ocrx_word' id='word_1_265' title='bbox 502 3459 602 3526; x_wconf 88' lang='lat' dir='ltr'>duelli</span> <span class='ocrx_word' id='word_1_266' title='bbox 619 3484 720 3547; x_wconf 66' lang='lat' dir='ltr'>uulua</span> <span class='ocrx_word' id='word_1_267' title='bbox 735 3459 777 3525; x_wconf 87' lang='lat' dir='ltr'>ad</span> <span class='ocrx_word' id='word_1_268' title='bbox 798 3461 905 3525; x_wconf 87' lang='lat' dir='ltr'>uisum</span> <span class='ocrx_word' id='word_1_269' title='bbox 927 3472 1011 3525; x_wconf 87' lang='lat' dir='ltr'>terre</span> <span class='ocrx_word' id='word_1_270' title='bbox 1032 3460 1089 3525; x_wconf 94' lang='lat' dir='ltr'>ubi</span> <span class='ocrx_word' id='word_1_271' title='bbox 1104 3460 1220 3525; x_wconf 86' lang='lat' dir='ltr'>debuit</span> 
     </span>
     <span class='ocr_line' id='line_1_31' title="bbox 139 3559 1218 3652; baseline 0 -24"><span class='ocrx_word' id='word_1_272' title='bbox 139 3559 220 3628; x_wconf 74' lang='lat' dir='ltr'>disere</span> <span class='ocrx_word' id='word_1_273' title='bbox 232 3564 318 3652; x_wconf 85' lang='lat' dir='ltr'>quod</span> <span class='ocrx_word' id='word_1_274' title='bbox 334 3563 418 3629; x_wconf 83' lang='lat' dir='ltr'>uidit</span> <span class='ocrx_word' id='word_1_275' title='bbox 434 3563 616 3649; x_wconf 81' lang='lat' dir='ltr'>predictum</span> <span class='ocrx_word' id='word_1_276' title='bbox 632 3565 852 3629; x_wconf 75' lang='lat' dir='ltr'>Thusstanum</span> <span class='ocrx_word' id='word_1_277' title='bbox 873 3563 1021 3629; x_wconf 78' lang='lat' dir='ltr'>saisitum</span> <span class='ocrx_word' id='word_1_278' title='bbox 1041 3563 1126 3628; x_wconf 83' lang='lat' dir='ltr'>sicut</span> <span class='ocrx_word' id='word_1_279' title='bbox 1147 3587 1218 3650; x_wconf 82' lang='lat' dir='ltr'>pre·</span> 
     </span>
     <span class='ocr_line' id='line_1_32' title="bbox 140 3663 1220 3754; baseline 0.001 -23"><span class='ocrx_word' id='word_1_280' title='bbox 140 3663 236 3733; x_wconf 62' lang='lat' dir='ltr'>&amp;tum</span> <span class='ocrx_word' id='word_1_281' title='bbox 250 3681 300 3734; x_wconf 74' lang='lat' dir='ltr'>est</span> <span class='ocrx_word' id='word_1_282' title='bbox 316 3667 402 3733; x_wconf 89' lang='lat' dir='ltr'>idem</span> <span class='ocrx_word' id='word_1_283' title='bbox 419 3667 607 3754; x_wconf 86' lang='lat' dir='ltr'>Stephanus</span> <span class='ocrx_word' id='word_1_284' title='bbox 621 3667 705 3733; x_wconf 83' lang='lat' dir='ltr'>dixit</span> <span class='ocrx_word' id='word_1_285' title='bbox 720 3667 806 3754; x_wconf 83' lang='lat' dir='ltr'>quod</span> <span class='ocrx_word' id='word_1_286' title='bbox 822 3668 882 3732; x_wconf 89' lang='lat' dir='ltr'>hoe</span> <span class='ocrx_word' id='word_1_287' title='bbox 897 3667 1002 3731; x_wconf 88' lang='lat' dir='ltr'>noluit</span> <span class='ocrx_word' id='word_1_288' title='bbox 1023 3667 1127 3732; x_wconf 86' lang='lat' dir='ltr'>iurare</span> <span class='ocrx_word' id='word_1_289' title='bbox 1142 3667 1220 3752; x_wconf 88' lang='lat' dir='ltr'>quia</span> 
     </span>
     <span class='ocr_line' id='line_1_33' title="bbox 142 3764 1220 3858; baseline 0.005 -27"><span class='ocrx_word' id='word_1_290' title='bbox 142 3764 184 3831; x_wconf 68' lang='lat' dir='ltr'>ha</span> <span class='ocrx_word' id='word_1_291' title='bbox 207 3794 264 3836; x_wconf 75' lang='lat' dir='ltr'>nm</span> <span class='ocrx_word' id='word_1_292' title='bbox 296 3773 381 3838; x_wconf 88' lang='lat' dir='ltr'>uidit</span> <span class='ocrx_word' id='word_1_293' title='bbox 410 3773 534 3837; x_wconf 87' lang='lat' dir='ltr'>scilicet</span> <span class='ocrx_word' id='word_1_294' title='bbox 564 3773 669 3858; x_wconf 87' lang='lat' dir='ltr'>ipsum</span> <span class='ocrx_word' id='word_1_295' title='bbox 700 3772 920 3837; x_wconf 81' lang='lat' dir='ltr'>Thurstanum</span> <span class='ocrx_word' id='word_1_296' title='bbox 950 3772 1097 3836; x_wconf 87' lang='lat' dir='ltr'>seisitum</span> <span class='ocrx_word' id='word_1_297' title='bbox 1135 3773 1220 3836; x_wconf 75' lang='lat' dir='ltr'>sistit</span> 
     </span>
    </p>
   </div>
   <div class='ocr_carea' id='block_1_3' title="bbox 144 3998 1220 4453">
    <p class='ocr_par' dir='ltr' id='par_1_3' title="bbox 144 3998 1220 4453">
     <span class='ocr_line' id='line_1_34' title="bbox 166 3998 1217 4063; baseline 0 -12"><span class='ocrx_word' id='word_1_298' title='bbox 166 3998 414 4061; x_wconf 57' lang='lat' dir='ltr'>&#39;mamma</span> <span class='ocrx_word' id='word_1_299' title='bbox 690 4000 834 4060; x_wconf 69' lang='lat' dir='ltr'>munus,</span> <span class='ocrx_word' id='word_1_300' title='bbox 860 4001 887 4051; x_wconf 89' lang='lat' dir='ltr'>in</span> <span class='ocrx_word' id='word_1_301' title='bbox 911 4001 985 4051; x_wconf 79' lang='lat' dir='ltr'>order</span> <span class='ocrx_word' id='word_1_302' title='bbox 1004 4007 1032 4050; x_wconf 83' lang='lat' dir='ltr'>to</span> <span class='ocrx_word' id='word_1_303' title='bbox 1054 4015 1131 4063; x_wconf 76' lang='lat' dir='ltr'>prose</span> <span class='ocrx_word' id='word_1_304' title='bbox 1158 4018 1217 4051; x_wconf 86' lang='lat' dir='ltr'>con·</span> 
     </span>
     <span class='ocr_line' id='line_1_35' title="bbox 165 4061 1215 4129; baseline 0.004 -17"><span class='ocrx_word' id='word_1_305' title='bbox 165 4061 639 4123; x_wconf 54' lang='lat' dir='ltr'>wammam-nanae·</span> <span class='ocrx_word' id='word_1_306' title='bbox 691 4067 850 4129; x_wconf 67' lang='lat' dir='ltr'>nnauinity.</span> <span class='ocrx_word' id='word_1_307' title='bbox 884 4068 920 4115; x_wconf 81' lang='grc' dir='ltr'>Αι</span> <span class='ocrx_word' id='word_1_308' title='bbox 942 4073 969 4116; x_wconf 84' lang='lat' dir='ltr'>to</span> <span class='ocrx_word' id='word_1_309' title='bbox 992 4066 1045 4116; x_wconf 78' lang='lat' dir='ltr'>thia</span> <span class='ocrx_word' id='word_1_310' title='bbox 1064 4081 1106 4115; x_wconf 77' lang='lat' dir='ltr'>aas</span> <span class='ocrx_word' id='word_1_311' title='bbox 1123 4067 1215 4117; x_wconf 65' lang='lat' dir='ltr'>unns.</span> 
     </span>
     <span class='ocr_line' id='line_1_36' title="bbox 144 4122 844 4194; baseline 0.003 -17"><span class='ocrx_word' id='word_1_312' title='bbox 144 4122 241 4179; x_wconf 64' lang='lat' dir='ltr'>bulen</span> <span class='ocrx_word' id='word_1_313' title='bbox 256 4146 356 4194; x_wconf 64' lang='lat' dir='ltr'>praua</span> <span class='ocrx_word' id='word_1_314' title='bbox 393 4132 638 4192; x_wconf 67' lang='lat' dir='ltr'>floeGlanv.tib.2</span> <span class='ocrx_word' id='word_1_315' title='bbox 692 4131 770 4186; x_wconf 49' lang='lat' dir='ltr'>liba,</span> <span class='ocrx_word' id='word_1_316' title='bbox 785 4132 844 4180; x_wconf 77' lang='lat' dir='ltr'>at.</span> 
     </span>
     <span class='ocr_line' id='line_1_37' title="bbox 144 4194 1220 4256; baseline 0.002 -12"><span class='ocrx_word' id='word_1_317' title='bbox 144 4194 187 4236; x_wconf 68' lang='lat' dir='ltr'>tl</span> <span class='ocrx_word' id='word_1_318' title='bbox 723 4196 829 4256; x_wconf 72' lang='lat' dir='ltr'>‘Hugh</span> <span class='ocrx_word' id='word_1_319' title='bbox 851 4201 944 4245; x_wconf 78' lang='lat' dir='ltr'>oounts</span> <span class='ocrx_word' id='word_1_320' title='bbox 966 4210 1001 4244; x_wconf 90' lang='lat' dir='ltr'>on</span> <span class='ocrx_word' id='word_1_321' title='bbox 1021 4195 1066 4244; x_wconf 84' lang='lat' dir='ltr'>tha</span> <span class='ocrx_word' id='word_1_322' title='bbox 1089 4194 1168 4244; x_wconf 78' lang='lat' dir='ltr'>asisin</span> <span class='ocrx_word' id='word_1_323' title='bbox 1191 4197 1220 4246; x_wconf 83' lang='lat' dir='ltr'>ol</span> 
     </span>
     <span class='ocr_line' id='line_1_38' title="bbox 167 4254 1217 4310; baseline 0 -1"><span class='ocrx_word' id='word_1_324' title='bbox 167 4254 248 4309; x_wconf 72' lang='lat' dir='ltr'>&#39;Ceus</span> <span class='ocrx_word' id='word_1_325' title='bbox 259 4264 329 4309; x_wconf 62' lang='lat' dir='ltr'>aba</span> <span class='ocrx_word' id='word_1_326' title='bbox 691 4260 823 4310; x_wconf 74' lang='lat' dir='ltr'>munus</span> <span class='ocrx_word' id='word_1_327' title='bbox 842 4261 899 4310; x_wconf 73' lang='lat' dir='ltr'>who</span> <span class='ocrx_word' id='word_1_328' title='bbox 915 4276 987 4310; x_wconf 77' lang='lat' dir='ltr'>cama</span> <span class='ocrx_word' id='word_1_329' title='bbox 1003 4262 1072 4310; x_wconf 76' lang='lat' dir='ltr'>atter</span> <span class='ocrx_word' id='word_1_330' title='bbox 1087 4259 1132 4309; x_wconf 79' lang='lat' dir='ltr'>the</span> <span class='ocrx_word' id='word_1_331' title='bbox 1148 4274 1217 4310; x_wconf 78' lang='lat' dir='ltr'>eom·</span> 
     </span>
     <span class='ocr_line' id='line_1_39' title="bbox 168 4321 892 4390; baseline 0 -15"><span class='ocrx_word' id='word_1_332' title='bbox 168 4321 302 4388; x_wconf 65' lang='lat' dir='ltr'>‘hohan</span> <span class='ocrx_word' id='word_1_333' title='bbox 320 4330 420 4390; x_wconf 74' lang='lat' dir='ltr'>ancipit.</span> <span class='ocrx_word' id='word_1_334' title='bbox 455 4326 495 4375; x_wconf 80' lang='lat' dir='ltr'>lle</span> <span class='ocrx_word' id='word_1_335' title='bbox 513 4341 569 4375; x_wconf 69' lang='lat' dir='ltr'>nou</span> <span class='ocrx_word' id='word_1_336' title='bbox 592 4326 641 4375; x_wconf 79' lang='lat' dir='ltr'>has</span> <span class='ocrx_word' id='word_1_337' title='bbox 692 4341 752 4375; x_wconf 84' lang='lat' dir='ltr'>mon</span> <span class='ocrx_word' id='word_1_338' title='bbox 764 4333 892 4376; x_wconf 70' lang='lat' dir='ltr'>suavatas.</span> 
     </span>
     <span class='ocr_line' id='line_1_40' title="bbox 146 4390 1098 4453; baseline 0.004 -17"><span class='ocrx_word' id='word_1_339' title='bbox 146 4396 315 4439; x_wconf 66' lang='lat' dir='ltr'>manau</span> <span class='ocrx_word' id='word_1_340' title='bbox 326 4398 445 4441; x_wconf 70' lang='lat' dir='ltr'>mentor</span> <span class='ocrx_word' id='word_1_341' title='bbox 457 4391 640 4440; x_wconf 77' lang='lat' dir='ltr'>semoterthan</span> <span class='ocrx_word' id='word_1_342' title='bbox 722 4390 1098 4453; x_wconf 67' lang='lat' dir='ltr'>‘Ikmaudaut&#39;schampiom</span> 
     </span>
    </p>
   </div>
   <div class='ocr_carea' id='block_1_4' title="bbox 0 0 1468 5100">
    <p class='ocr_par' dir='ltr' id='par_1_4' title="bbox 0 0 1468 5100">
     <span class='ocr_line' id='line_1_41' title="bbox 0 0 1468 5100; baseline 0 1"><span class='ocrx_word' id='word_1_343' title='bbox 0 0 1468 5100; x_wconf 95' lang='lat' dir='ltr'> </span> 
     </span>
    </p>
   </div>
  </div>
 </body>
</html>
