2926 5100
244 358 289 422 80
558 367 700 428 uritur.
723 367 786 418 nn.
812 354 906 429 122⁵,
927 368 989 419 nn
1012 356 1044 420 9.

245 541 386 608 Peehnm
407 553 442 607 et
465 540 544 607 Mur
567 540 659 606 uxori
681 540 752 606 eius
773 541 893 627 quibus
914 540 1051 607 eundern
1068 552 1187 607 terrum
1204 562 1263 608 nr

244 652 411 708 rnuerunt

311 744 510 812 'Alexander
522 746 564 811 de
580 745 740 811 Peintonn
752 746 953 812 nttnehintun
965 746 1027 813 suit
1038 746 1082 813 ed
1093 745 1263 833 responden

244 850 367 917 Thomu
390 850 456 915 filio
479 849 620 914 Simonis
642 849 1014 915 seneecn110¹dohnnnir
1036 850 1216 915 Mmmlti
1230 873 1263 938 qr

245 955 278 1020 in
294 953 430 1019 seruicio
444 953 537 1017 Dom.
555 953 653 1039 Regis
669 953 702 1017 in
719 953 879 1019 Hiber-nie
893 976 993 1040 qunre
1012 954 1100 1040 cepit
1120 955 1233 1019 uuerin
1252 953 1263 1019 i

243 1055 404 1123 ‚Iohannis
419 1066 452 1119 et
468 1078 507 1120 eu
521 1054 642 1120 iniuste
657 1067 820 1121 utcontra
834 1055 967 1121 undium
982 1067 1017 1121 et
1032 1056 1177 1144 plegium
1200 1057 1263 1123 deti

245 1161 332 1226 unde
354 1161 441 1226 idem
463 1160 604 1225 Thomas
625 1160 774 1246 queritur
794 1159 883 1246 quod
902 1159 989 1225 idem
1003 1159 1190 1226 Alexander
1204 1182 1263 1227 uen

245 1274 364 1330 terrum
379 1264 502 1330 domini
517 1264 569 1329 sui
582 1264 624 1329 de
638 1264 797 1350 Grenwey
811 1273 846 1329 et
860 1262 948 1350 cepit
962 1263 1044 1329 duee
1058 1286 1158 1351 equor
1174 1263 1217 1329 de
1237 1264 1263 1331 h«

243 1369 368 1436 demini
389 1370 440 1435 sui
463 1369 497 1434 in
520 1368 612 1434 feodo
633 1367 720 1455 quod
743 1367 852 1433 tenuit
873 1368 914 1432 de
938 1367 1031 1435 Dom.
1055 1368 1145 1455 Rege
1165 1381 1200 1434 et
1215 1368 1263 1435 abt

245 1494 348 1559 unque
378 1472 588 1558 Popntennm
617 1480 652 1535 et
681 1492 756 1535 eum
786 1470 872 1535 idem
902 1469 1043 1535 Thomna
1071 1470 1132 1536 hoe
1160 1471 1263 1537 nudin

245 1576 385 1642 erastino
405 1574 581 1660 assumptis
602 1596 712 1639 seeum
732 1573 880 1660 pluribus
900 1573 1085 1640 homiuibus
1104 1573 1172 1639 ruie
1192 1574 1258 1640 iter

245 1679 321 1766 puit
340 1701 453 1744 nentur
467 1678 669 1764 Poyntennm
690 1687 729 1743 ut
748 1677 931 1764 sciretque
952 1677 1079 1743 racione
1100 1678 1214 1744 nuerin
1229 1678 1263 1745 d<

245 1782 297 1849 nui
326 1791 465 1868 ceperat,
487 1791 522 1846 et
550 1780 637 1846 sieut
665 1779 729 1845 init
759 1802 871 1845 uereur
896 1780 1098 1866 Popntnnnm
1120 1781 1263 1847 nbuiuuit

245 1885 431 1954 Alexandro
452 1906 527 1950 eum
550 1884 762 1950 multitudine
784 1895 982 1950 armatorum
1004 1895 1040 1949 et
1070 1885 1139 1972 ipse
1168 1886 1263 1951 Alexi

245 1991 339 2057 uenit
354 2012 428 2055 eum
443 1989 490 2054 ein
504 1999 539 2055 et
553 1989 641 2075 eepit
658 1989 693 2055 in
712 1988 826 2055 eudem
847 1989 928 2054 uilln
945 1988 1070 2054 domini
1090 1989 1141 2055 eui
1162 2000 1236 2055 octe
1255 1988 1263 2054 1

246 2103 282 2160 et
303 2092 375 2159 illon
397 2092 505 2158 tenuit
526 2102 640 2157 eontra
660 2091 794 2157 undium
817 2103 854 2157 et
874 2091 1020 2179 plegium
1042 2103 1078 2157 et
1097 2091 1263 2159 nbduxitr

247 2197 449 2283 Poyntonnm
478 2205 514 2260 et
541 2195 615 2259 illue
644 2195 690 2261 ibi
720 2196 831 2261 tenuit
858 2218 1026 2282 quousque
1048 2218 1108 2281 per
1128 2196 1263 2263 uieeeerr

246 2300 418 2366 deliberati
439 2299 579 2375 suerunt,
599 2314 634 2364 et
657 2300 756 2365 tercio
774 2322 838 2364 non
860 2299 969 2365 tenuit
989 2322 1024 2365 ee
1039 2299 1263 2377 conterimini

247 2404 368 2470 iterum
399 2402 491 2467 uenit
521 2402 600 2468 illue
627 2414 662 2467 et
690 2401 779 2488 cepit
808 2414 949 2489 quatuor
974 2426 1074 2489 equor
1095 2416 1131 2469 et
1152 2403 1263 2471 nbdux

248 2612 282 2678 in
306 2633 401 2698 pnrco
422 2633 481 2674 nuo
503 2619 537 2675 et
559 2610 719 2695 septimun
740 2609 798 2673 boe
819 2632 893 2675 cum
916 2632 975 2697 per
997 2610 1263 2678 uieeeomiteme

249 2724 438 2802 preceptum
465 2713 558 2779 Dom.
586 2713 686 2799 Regis
711 2713 742 2777 ei
767 2712 942 2779 deberent'
963 2713 1134 2780 deliberari
1157 2714 1192 2780 in
1214 2715 1263 2803 sug

248 2818 365 2887 oeeidit
380 2827 527 2883 mortuus
542 2815 576 2881 in
591 2816 682 2881 curin
696 2815 797 2902 ipeiun
812 2815 990 2881 Alexandri
1004 2827 1039 2882 et
1056 2830 1210 2882 octauum
1231 2816 1263 2884 ht

249 2936 284 2990 et
298 2923 384 3011 quod
400 2923 459 2987 hoe
475 2921 550 2986 seuit
566 2920 686 2985 iniuste
702 2933 736 2984 et
750 2943 848 3006 nuper
863 2931 982 2985 terrum
998 2943 1097 3007 quum
1111 2919 1263 2988 dominun

249 3039 341 3094 tenet
360 3028 401 3093 de
420 3027 512 3092 Dem.
529 3025 619 3111 Rege
634 3025 727 3090 offert
745 3025 878 3112 probare
893 3026 978 3091 nient
992 3026 1083 3095 curie
1096 3026 1263 3093 consider·

315 3132 358 3197 Et
373 3128 558 3196 Alexander
573 3128 664 3193 uenit
679 3138 713 3193 et
728 3128 875 3194 defendit
891 3129 959 3194 uim
971 3142 1005 3193 et
1017 3129 1168 3195 iniurium
1180 3146 1214 3195 et
1226 3154 1263 3197 en

250 3237 404 3303 iniuetnm
425 3234 609 3321 enpcienem
630 3244 664 3299 et
685 3234 920 3309 detentionem,
938 3247 988 3299 net
1010 3257 1124 3299 uerum
1147 3234 1219 3299 uuit
1240 3237 1263 3302 d

250 3341 342 3406 Idem
365 3340 532 3404 Johnunen
554 3351 644 3402 tenet
667 3338 829 3424 qunndnm
853 3350 971 3404 terrum
994 3339 1035 3404 de
1058 3362 1097 3405 ee
1123 3340 1156 3404 in
1188 3340 1263 3407 t'aet

248 3443 393 3511 detinuit
408 3442 438 3507 ei
454 3441 626 3507 semicium
639 3442 830 3508 ferirentuum
842 3442 882 3507 de
894 3443 1038 3507 exercitu
1049 3442 1091 3507 de
1104 3443 1198 3508 blunt
1212 3444 1263 3511 Gu

250 3550 340 3615 etde
356 3549 459 3636 Bynm
475 3558 508 3611 et
523 3545 617 3611 nlibi⁴
632 3559 664 3611 et
681 3569 755 3611 eum
771 3558 896 3631 peteret
917 3547 1090 3613 seruirium
1110 3570 1206 3613 nuum
1226 3572 1263 3636 qr

251 3655 319 3741 ipse
342 3676 399 3740 per
420 3665 608 3739 preceptum
632 3652 724 3717 Deun
749 3652 848 3735 Regis
869 3651 1036 3717 districtus
1051 3653 1111 3717 fuit
1129 3675 1186 3739 pro
1201 3654 1263 3721 tori

251 3781 315 3823 non
331 3756 437 3844 putuit
454 3755 626 3821 seruicium
643 3754 770 3827 hebere,
786 3755 834 3819 itu
848 3753 935 3840 quod
950 3755 1019 3841 ipre
1038 3755 1204 3821 dirtrinrit
1226 3756 1263 3822 set

250 3885 346 3928 nuum
362 3861 403 3927 de
419 3860 531 3946 Uneby
546 3883 603 3947 per
617 3859 698 3925 duos
712 3883 812 3945 equor
827 3860 930 3945 primo
945 3870 980 3925 et
995 3860 1073 3946 quin
1084 3883 1179 3925 neme
1190 3860 1263 3947 peri

250 3965 362 4030 nuerin
377 3986 434 4049 per
448 3963 611 4049 pteuinnm
628 3985 687 4027 nee
702 3962 874 4027 eenricium
890 3984 985 4028 nuum
1001 3961 1120 4027 hebere
1141 3963 1252 4050 potuit

252 4068 321 4154 ipen
343 4065 407 4152 viij.
428 4066 529 4130 boues
547 4075 583 4129 et
597 4064 670 4130 illue
684 4064 792 4131 tenuit
809 4087 866 4151 pre
879 4064 1016 4130 neruieio
1029 4088 1089 4130 rue
1103 4088 1263 4154 quourqut

287 4208 451 4262 'Emdd
861 4207 960 4257 ’com
972 4209 1078 4264 debent.
1090 4207 1121 4258 B.

286 4277 378 4327 'Note
401 4276 455 4326 thir
471 4275 559 4325 aetion
576 4272 688 4333 brought
710 4272 779 4335 byn
863 4273 945 4322 ‘The
973 4273 1068 4324 unte·
1095 4272 1215 4336 requini
1245 4274 1263 4327 fi

254 4341 363 4393 rtomd
374 4342 414 4392 tor
425 4340 568 4403 theutin
576 4338 654 4390 othir
662 4341 779 4390 muter·
830 4337 919 4387 Wetrh
938 4352 999 4395 nr.
1017 4339 1057 4389 ter
1072 4338 1119 4389 the
1134 4339 1204 4399 rinno
1219 4340 1251 4393 d

254 4408 348 4459 tum.
829 4402 1205 4469 mdtoretbrmpffltieu.
