2926 5100
421 387 572 447 mmm,
596 387 661 439 an.
687 376 779 449 1224,
802 390 865 440 nn
888 382 917 441 8.
1183 386 1223 447 65

124 566 233 623 terum
249 570 346 646 prout
359 568 451 624 urta
464 557 602 645 predicti
618 557 753 623 Roberti
765 569 914 637 testatur,
925 569 960 626 et
971 563 1057 649 petit
1067 564 1223 632 iudicium

133 657 253 745 imper
266 660 327 725 hoc
340 659 461 725 debeat
474 658 677 745 respondere.

190 762 224 827 Et
237 763 405 829 Johannea
420 762 514 828 uenit
527 771 563 827 et
578 770 674 828 uoeat
688 762 764 828 indo
783 763 826 829 ad
845 774 1026 833 warantum
1045 767 1223 835 Radult‘um

145 865 295 948 nmmum
324 866 385 954 qui
410 888 542 953 present
566 875 627 941 est,
651 876 687 930 ot
711 866 793 932 dicit
818 868 905 954 quod
930 892 995 935 non
1022 871 1121 938 habet
1147 873 1222 939 inde

197 1070 228 1135 Et
250 1072 425 1158 Episcopus
445 1071 525 1136 dicit
548 1070 635 1157 quod
656 1070 784 1137 desicut
807 1072 920 1138 Simon
942 1097 1006 1140 non
1029 1086 1125 1142 uocat
1147 1078 1222 1144 indo

154 1172 257 1259 illrum
275 1176 318 1241 ad
341 1186 521 1241 nuatum
544 1197 605 1240 nec
625 1174 750 1262 aliquid
771 1176 852 1242 dicit
873 1177 936 1243 uiai
965 1180 1051 1266 quod
1080 1182 1223 1248 ostendit

155 1278 388 1365 nrurqnudam
404 1277 489 1364 petit
503 1276 660 1343 iudicium
676 1278 704 1343 ai
720 1279 779 1344 hoc
794 1278 912 1345 debeat
927 1281 958 1346 ei
973 1305 1095 1349 nocere

200 1380 296 1447 Postea
310 1383 405 1448 uenit
419 1382 534 1448 Simon
548 1392 584 1447 et
599 1393 694 1447 uocat
706 1381 782 1448 inde
793 1382 836 1448 ad
849 1395 1027 1451 warantum
1039 1387 1222 1474 predictum

158 1480 290 1551 Mullum
305 1487 363 1574 qui
378 1509 510 1573 precene
527 1497 577 1551 eat
597 1497 632 1551 et
651 1487 732 1552 dicit
752 1487 838 1574 quod
859 1488 986 1555 nullum
1006 1490 1093 1557 diem
1114 1493 1222 1561 habet

157 1582 255 1651 trito
273 1589 370 1655 datur
391 1602 442 1655 ωε
463 1589 497 1655 ei
517 1588 587 1654 diea
601 1589 643 1654 de
658 1589 814 1655 warentia
828 1600 888 1655 etc
934 1591 1027 1657 Idem
1042 1593 1112 1659 dies
1125 1595 1223 1662 datus

155 1704 189 1750 tlt
199 1691 312 1766 Simoni,
327 1692 472 1758 lieberto
486 1704 549 1759 etc.

199 1791 407 1861 umbem
428 1808 464 1861 et
486 1794 664 1861 Geufiidua
687 1795 793 1861 Pistor
814 1808 849 1862 et
872 1797 1049 1864 Gaufridua
1078 1800 1223 1867 Clericus

152 1891 232 1963 ditant
250 1901 334 1987 quod
356 1922 421 1965 nou
443 1899 566 1965 debent
587 1900 630 1965 ad
653 1900 712 1966 hoc
735 1901 833 1967 breue
856 1903 1048 1988 respondero
1069 1905 1147 1991 quia
1160 1906 1222 1992 ipsi

152 1998 240 2068 ttllrn
261 2018 379 2068 terram
402 2013 519 2068 tenent
540 2003 575 2068 in
597 2002 766 2089 Stibheye,
789 2004 890 2070 immo
916 2015 1003 2071 terra
1031 2030 1129 2092 quam
1159 2008 1221 2094 ipsi

151 2115 231 2169 tant
243 2121 274 2170 et
289 2128 389 2193 quam
406 2105 585 2193 Episcopus
600 2107 709 2192 potuit
725 2107 759 2171 in
774 2107 847 2174 uiau
862 2131 922 2173 auo
940 2118 991 2173 eat
1011 2109 1046 2174 in
1065 2109 1223 2198 Akeneya

147 2226 192 2290 qe
201 2226 244 2276 at
256 2212 335 2277 nilla
348 2233 407 2297 per
420 2210 479 2277 ω’.

192 2312 225 2379 tt
252 2315 429 2403 Epiacopua
459 2314 539 2380 dicit
570 2314 657 2401 quod
686 2315 744 2381 illa
772 2316 854 2381 uilla
881 2328 933 2382 est
961 2317 1144 2383 membrum
1178 2319 1220 2385 de

145 2412 269 2502 unqe
289 2434 326 2484 et
347 2418 394 2484 ibi
416 2417 542 2483 faciunt
572 2417 685 2483 uillani
715 2418 919 2504 operaciones
947 2442 1022 2485 suaa
1050 2431 1085 2485 et
1113 2444 1219 2487 coram

143 2518 294 2586 internis
309 2520 541 2586 itinerantibus
556 2519 752 2606 matundont
767 2520 801 2584 in
816 2521 981 2586 communi
993 2543 1067 2587 cum
1080 2522 1217 2589 homini-

143 2618 185 2685 lu
203 2624 238 2690 de
259 2626 425 2712 Stibheye
471 2624 548 2690 Port
578 2637 739 2689 uenerunt
770 2624 940 2701 Robcrtua,
970 2626 1154 2704 Gaufridua,
1183 2638 1219 2693 et

141 2722 331 2794 lenticum
342 2736 544 2793 uocauerunt
558 2725 634 2792 inde
649 2725 691 2791 ad
703 2737 882 2791 warantum
897 2728 1079 2813 pradictum
1095 2729 1219 2796 Radul·

139 2826 196 2893 ίιι
234 2830 339 2898 Datur
353 2843 406 2896 eat
420 2830 489 2896 dieo
503 2841 563 2896 etc.

89 2930 116 2999 Ι
185 2936 286 3001 tuh
299 2935 393 3001 uenit
408 2933 655 3021 moogniturasi
676 2933 923 2998 Bartholomeus
943 2933 1030 2999 lilius
1051 2936 1219 3002 Eustachii

138 3032 231 3103 iiim
250 3050 284 3103 et
303 3038 375 3103 aine
396 3036 515 3103 iudicio
535 3037 713 3103 diraeiaiuit
735 3037 937 3103 Willelmum
958 3038 1061 3103 lilium
1084 3040 1218 3106 Henrici

136 3134 281 3207 tribuo
310 3152 501 3207 tenemento
528 3163 588 3206 ruo
617 3140 651 3206 in
681 3139 811 3205 Piltona
839 3151 912 3226 port
939 3141 1046 3206 ultim'
1068 3154 1129 3209 etc
1175 3144 1218 3209 Et

136 3238 357 3311 women
372 3245 466 3310 uenit
480 3256 515 3310 et
529 3244 609 3310 dicit
623 3244 709 3331 quod
729 3245 829 3310 mua
848 3268 913 3311 non
933 3245 1032 3312 debet
1052 3247 1127 3314 inde
1148 3249 1218 3314 fieri

133 3348 192 3430 qaia
207 3350 314 3415 dictor
338 3348 522 3415 willelmus
544 3372 607 3414 non
631 3349 739 3414 tenuit
762 3359 987 3416 tenementum
1009 3351 1090 3417 illud
1106 3352 1168 3417 nisi
1184 3353 1218 3418 in

134 3454 309 3540 omagium
325 3469 360 3517 et
377 3454 518 3519 uillanua
533 3454 604 3519 eiua
619 3464 669 3519 eat
687 3465 722 3519 et
745 3454 838 3520 sacit'
859 3454 890 3520 ei
913 3477 1025 3520 omnes
1046 3466 1217 3520 consuetu·

131 3551 203 3621 dnn
221 3560 307 3623 sicut
328 3579 456 3621 mmm
478 3566 513 3621 ct
534 3557 622 3632 alias,
644 3567 678 3621 et
700 3556 781 3622 dicit
802 3557 888 3644 quod
912 3581 975 3623 non
995 3569 1103 3644 potest
1118 3559 1217 3624 filiam

129 3679 202 3725 m
217 3662 369 3727 inritare
384 3661 447 3727 niai
462 3684 520 3748 pec
534 3661 700 3727 licenciam
715 3661 839 3727 domini
853 3663 905 3727 aui
920 3674 981 3729 etc.

180 3763 217 3829 Et
240 3764 426 3830 Willelmur
448 3764 534 3828 tilius
559 3764 692 3829 Honrici
724 3765 816 3829 uenit
846 3776 880 3829 et
908 3765 990 3830 dicit
1018 3766 1106 3852 quod
1136 3767 1219 3832 liber

129 3862 206 3931 ‘vm
223 3882 273 3931 ist
294 3881 328 3932 et
351 3867 437 3953 quod
462 3877 554 3931 tenet
578 3879 802 3931 tenementum
827 3890 922 3932 auum
949 3868 1048 3933 libere
1072 3880 1107 3934 et
1130 3870 1217 3957 quod

126 3970 191 4033 rim
210 3972 427 4057 impl-citauit
447 3972 480 4036 in
500 3972 590 4037 curia
610 3971 703 4037 Dom.
724 3971 825 4057 Regia
844 3972 929 4037 sicut
950 3971 1032 4037 liber·
1055 3973 1150 4038 homo
1175 3973 1217 4038 de

127 4073 256 4153 rmum
278 4090 465 4140 tenemento
486 4075 616 4141 mildo
638 4075 783 4140 seruiciia
804 4085 839 4139 et
862 4075 1048 4140 huiuamodi
1076 4085 1111 4140 et
1141 4075 1216 4141 inde

128 4178 213 4240 urm
235 4177 356 4242 rotator
376 4177 467 4243 Dom.
490 4177 623 4243 Martini
645 4176 686 4242 de
708 4177 911 4242 Pattealrulla
930 4176 971 4243 ad
987 4189 1165 4242 warantum
1182 4191 1216 4244 et

128 4283 264 4346 militer
277 4282 437 4368 quoddam
454 4283 552 4348 breue
572 4282 657 4370 quod
679 4282 765 4349 idem
788 4281 949 4347 Martinus
967 4281 1097 4368 scripsit
1116 4304 1215 4348 manu

310 4411 508 4476 Qudquid
521 4411 653 4474 natm.
849 4411 952 4474 'secet
966 4409 1022 4462 HS.

206 4524 241 4571 Ι.
265 4524 310 4573 tlt
1110 4515 1128 4572 5
