2926 5100
319 420 438 471 ooaax
460 419 561 481 anos,
582 419 647 468 sn.
672 404 831 479 1236-7,
853 421 917 470 aa
941 408 991 472 21.
1145 410 1209 474 208

142 584 228 659 lutet
240 610 405 680 postquam
418 592 571 658 aeisinam
587 591 703 656 habuit
717 589 758 655 de
769 590 842 655 aliis
856 592 951 655 terris
965 601 999 656 et
1014 593 1211 658 tenementis

91 756 93 771 ,
135 714 189 777 que
199 700 313 763 luerunt
327 696 467 784 predicti
481 693 659 762 Alexandri
674 692 776 780 patris
786 694 846 772 sui,
857 704 893 759 et
904 696 990 760 lacta
999 696 1210 782 inquisicione

130 790 183 862 illa
203 798 323 863 babere¹
354 797 453 863 iaciat
481 796 628 884 predicto
657 794 841 860 Alexandro
871 796 911 861 de
947 797 1073 862 catallis
1109 798 1211 884 ipsius

128 893 244 968 thdi
288 903 405 967 Postea
419 902 496 966 lecit
511 902 609 966 finem
626 911 686 965 etr„

91 988 99 1057 l
185 1006 353 1071 willelmus
369 1007 398 1071 le
414 1005 582 1070 Fauconer
595 1014 630 1070 et
646 1005 762 1070 Petrus
780 1004 822 1069 ‹le
842 1003 1044 1090 leymestria
1064 1005 1212 1072 homines

126 1104 249 1175 &aaa
268 1110 308 1175 de
332 1110 445 1175 bloute
470 1108 561 1174 Forti
585 1131 643 1196 pro
666 1108 735 1194 ipso
762 1109 893 1174 Simone
917 1109 1056 1173 ueniunt
1079 1121 1114 1176 et
1137 1134 1212 1176 oon·

126 1226 286 1295 quamtus
306 1208 394 1296 quod
416 1209 594 1295 burgenses
616 1208 657 1273 de
683 1209 905 1296 Notingeham
932 1210 1052 1275 iniuste
1078 1213 1212 1298 capiunt

131 1313 356 1379 mametudinea
379 1312 422 1377 de
447 1312 635 1378 hominibus
658 1313 761 1399 ipsius
788 1313 929 1379 Simonis
954 1314 994 1379 de
1022 1315 1213 1382 Ieiroestria

132 1434 221 1483 untia
239 1432 343 1482 earm
363 1415 525 1483 Johannis
547 1417 647 1504 Regis
672 1417 774 1503 patris
799 1418 893 1482 Dom.
917 1419 1016 1505 Regis
1041 1428 1076 1483 et
1101 1431 1213 1486 eontra

138 1521 229 1585 ω’
243 1520 335 1586 Dora
356 1519 457 1607 Regis
477 1519 536 1606 qui
558 1541 645 1584 nnnc
666 1529 717 1583 est
739 1529 774 1583 et
795 1541 858 1605 qne
880 1520 1065 1586 oonfinnat’
1089 1533 1211 1588 eartam

141 1618 389 1709 lrg'slohannis

185 1728 218 1792 n
236 1728 280 1793 illi
299 1727 447 1792 homines
465 1725 506 1791 de
528 1724 751 1813 Notingeham
773 1726 913 1791 ueniunt
934 1736 969 1791 et
991 1726 1103 1792 dicunt
1125 1728 1212 1814 quod

141 1828 200 1893 'ue
217 1831 348 1917 capiunt
369 1827 620 1895 consuetudines
639 1828 717 1914 quia
736 1828 858 1894 habent
879 1828 1045 1894 libertates
1065 1829 1137 1894 illas
1155 1853 1213 1916 per

140 1948 231 1999 uum
259 1932 358 2020 Regis
387 1932 431 1998 u
460 1931 516 1996 aui
549 1931 641 1996 Dom
672 1932 772 2018 Regis
805 1954 868 2018 que
903 1942 1060 1998 antennta
1093 1944 1144 1998 est
1178 1944 1213 2000 et

140 2052 181 2118 με
199 2050 297 2101 nnn
322 2035 452 2121 Regum
479 2033 610 2099 Rioardi
636 2044 670 2098 et
695 2034 860 2099 Johannis
908 2035 951 2100 Et
973 2035 1052 2122 quia
1077 2036 1212 2122 predicti

140 2134 290 2206 mimus
303 2152 336 2204 et
355 2139 471 2204 Petrus
492 2161 555 2203 uon
575 2151 653 2203 sunt
672 2139 734 2203 nisi
755 2139 865 2204 nuncii
884 2162 943 2204 neo
965 2140 1086 2205 habent
1106 2151 1213 2227 potes·

91 2270 95 2325 g
139 2252 216 2307 laten
229 2241 365 2328 ponendi
384 2265 421 2306 se
440 2263 538 2327 super
556 2241 801 2327 inquisicionem
821 2242 891 2306 sine
910 2241 1041 2307 domino
1061 2267 1119 2307 suo
1139 2244 1212 2309 ideo

91 2340 93 2353 '
137 2344 253 2410 inedie.

91 2444 114 2515 Ι
186 2450 283 2515 Abbas
295 2449 338 2515 de
354 2449 495 2515 Oseneia
515 2448 608 2513 dedit
628 2450 720 2515 Dom
737 2450 820 2536 Regi
836 2450 860 2535 j.
877 2451 1069 2536 palefridum
1090 2452 1211 2539 persio
1299 2481 1332 2510 αι

136 2551 206 2635 qul
226 2554 376 2619 iudicium
403 2552 445 2618 de
472 2553 599 2638 loquela
624 2552 765 2619 deducta
789 2577 895 2619 eoram
919 2555 1103 2621 iusticiariis
1124 2557 1212 2644 apud

139 2652 433 2722 tumn-nerium
456 2654 667 2742 interipsum
687 2668 722 2720 et
742 2657 875 2722 heredes
895 2658 1032 2725 Galfridi
1053 2661 1212 2726 Gibewini

136 2758 226 2821 oea‘nt
239 2782 340 2824 totam
356 2758 450 2824 Dom
466 2758 557 2845 Rege
572 2770 607 2823 et
621 2759 753 2824 oonsilio
770 2783 829 2826 suo
846 2771 882 2826 et
902 2762 948 2827 ibi
968 2762 1028 2828 fiat
1047 2764 1211 2831 iudicium.

139 2857 172 2923 ὓ
183 2863 332 2928 nmmum
349 2862 443 2927 uenit
458 2871 572 2948 postea
586 2885 644 2948 per
658 2862 717 2927 hee
732 2864 840 2930 uerba
859 2864 865 2950 Ι

190 2961 367 3053 Preoeptum
397 2965 461 3030 luit
490 2965 673 3030 uioecomiti
702 2966 788 3052 quod
815 2967 925 3032 uenire
955 2969 1073 3034 laceret
1099 2971 1153 3057 xij.
1178 2984 1212 3036 et
1286 3042 1334 3071 m

138 3064 292 3134 liilbtrnnu
320 3069 363 3135 de
395 3069 426 3134 la
454 3069 543 3134 Hide
573 3082 607 3134 et
632 3070 712 3134 alios
738 3071 919 3136 nominatos
942 3072 976 3136 in
1002 3083 1092 3138 carta
1114 3097 1211 3161 quam

136 3165 276 3237 &lanso
288 3173 401 3238 Abbae
416 3174 554 3238 Oseneie
575 3176 696 3260 profert
715 3184 827 3240 oontra
842 3177 1036 3241 Robertum⁸
1052 3179 1162 3244 Briani
1177 3190 1212 3244 et

140 3268 288 3343 Mum
305 3278 347 3343 de
364 3277 476 3342 Insula
493 3278 628 3342 heredes
647 3279 785 3344 Galfridi
805 3279 964 3345 Gibewini
984 3281 1026 3346 ad
1046 3304 1211 3369 recognos-

137 3378 250 3447 πίω
272 3406 369 3470 mper
393 3394 630 3448 mineatum
656 3406 752 3447 suum
777 3385 804 3448 si
836 3385 1000 3450 Galfridus
1025 3385 1213 3452 Gibewinus

139 3484 222 3549 mh
239 3490 329 3554 anuis
346 3501 523 3576 antequam
538 3488 663 3553 obierat
682 3487 774 3554 dedit
795 3499 913 3555 terram
933 3513 1026 3554 suam
1045 3489 1086 3555 do
1108 3491 1212 3557 blerse

137 3586 254 3659 leh-nni
281 3595 444 3683 quondam
474 3594 597 3660 Abbati
626 3593 667 3658 de
698 3594 838 3659 Oseneis
867 3604 901 3658 et
930 3594 1062 3659 ecclesie
1092 3619 1149 3661 sue
1179 3597 1212 3661 in

139 3712 231 3775 puram
242 3712 275 3763 et
289 3712 479 3786 perpetuam
496 3697 704 3762 elemosinam
719 3707 753 3761 et
769 3697 843 3762 inde
858 3707 980 3762 eurtum
995 3720 1085 3762 suam
1107 3698 1211 3763 eidem

139 3795 237 3863 almi
261 3816 294 3865 et
323 3802 458 3866 ecclesio
488 3824 545 3865 sue
576 3800 661 3875 lecit,
685 3811 720 3864 et
746 3801 779 3865 in
809 3823 874 3886 quo
899 3811 988 3866 statu
1019 3803 1081 3867 fuit
1106 3804 1214 3868 <lictus

138 3898 283 3975 ‘kilridua
295 3902 427 3989 quando
446 3902 567 3967 donum
589 3903 670 3968 illud
690 3902 731 3968 de.
753 3903 898 3989 prodicta
918 3915 1003 3969 terra
1017 3905 1064 3968 eis
1080 3907 1163 3981 lecit,
1179 3918 1213 3970 et

139 4000 243 4068 adm
257 4006 420 4071 Gall'ridus
436 4006 526 4069 uenit
544 4006 576 4070 in
596 4007 788 4071 comitatum
810 4007 1017 4093 Bukinghnm
1037 4018 1071 4071 et
1092 4009 1214 4094 predic-

140 4120 199 4165 tem
213 4109 361 4174 Abbati-m
377 4109 418 4174 de
432 4109 577 4195 predicta
593 4122 678 4174 terra
691 4110 817 4174 seisiuit
837 4134 895 4196 por
913 4123 1034 4176 cartam
1055 4135 1145 4176 snam
1168 4114 1215 4177 ita

140 4208 211 4287 sed
233 4237 266 4275 er
296 4230 376 4278 tuuc
407 4214 491 4278 idem
522 4214 633 4279 Abbas
661 4215 758 4280 libere
784 4238 859 4279 usus
883 4226 933 4279 est
955 4216 1072 4280 se‘nsina
1093 4240 1152 4281 sua
1173 4216 1213 4281 du

192 4375 233 4427 Th
251 4384 314 4434 'ord
335 4383 637 4435 muniremur·
720 4384 797 4433 ’sie

144 4456 202 4487 'U

720 4449 730 4482 ¹
747 4450 846 4515 supply
850 4453 943 4514 filium.
