2926 5100
243 368 305 434 164
456 380 573 432 consu
597 380 695 442 nour,
716 380 781 432 uo.
807 365 965 441 1286-6,
987 380 1051 432 nr.
1075 366 1126 432 2⁰.

241 553 341 618 donoc
357 574 414 639 per
428 552 549 617 curium
565 551 789 617 cristianitatis
811 551 873 616 tuit
893 550 1076 619 disscisitus
1092 562 1126 617 et
1149 573 1207 639 por
1220 550 1296 624 eud,
1309 566 1333 615 et

243 656 326 741 petit
341 655 425 741 «prod
442 655 542 741 possit
556 654 617 719 sibi
634 654 817 740 penpuirerc
839 675 896 739 per
914 653 1046 719 mnsam
1069 676 1152 719 noue
1172 652 1333 718 dim-idne

241 770 276 822 et
291 757 485 833 conceditur,
495 768 529 822 et
545 756 644 821 hnbct
660 757 758 821 breue
774 756 807 821 iu
823 754 969 822 oeincutu
981 756 1137 821 willelmi
1148 755 1189 821 de
1203 754 1333 839 Rnlegbt

244 861 277 925 iu
295 859 443 925 Dcuouin
453 883 558 925 eornm
571 883 610 925 eo
621 869 655 924 ct
666 858 790 925 dictum
802 870 852 925 est
865 859 1100 926 Archidincouo
1109 858 1197 946 quod
1213 858 1333 946 prestiti

242 964 393 1029 concione
408 963 449 1029 de
471 963 611 1049 pnrendo
632 962 695 1028 iuri
717 962 812 1027 sncint
830 985 905 1027 enm
920 962 1045 1028 absolui
1061 962 1095 1028 in
1111 962 1192 1029 heic
1206 961 1333 1028 ecclesie

244 1066 361 1153 etipse
378 1066 564 1153 msnucnpit
580 1066 639 1131 hoc
653 1076 713 1131 etc.

112 1179 207 1243 1144.
311 1171 501 1256 Procopium
533 1169 595 1235 suit
625 1169 807 1235 uicocomiti
836 1169 922 1256 quod
953 1170 1064 1236 uenire
1094 1171 1214 1236 feneret
1243 1190 1333 1235 ccnn

125 1276 189 1317 ω
246 1273 338 1337 Dom.
366 1273 454 1359 Rege
481 1272 536 1358 xij.
562 1295 620 1359 per
648 1295 728 1358 qnos
751 1283 810 1337 ete„
838 1282 872 1337 ct
899 1285 1047 1359 proterens
1072 1273 1138 1360 viij
1164 1273 1286 1339 milita
1309 1270 1333 1337 d

246 1379 373 1443 nisncto
387 1376 428 1443 dc
445 1377 583 1443 Pechnm
599 1399 656 1464 per
670 1400 750 1463 quos
764 1377 811 1442 roi
833 1377 955 1442 ueritas
971 1389 1031 1443 etc.
1046 1376 1088 1443 nd
1106 1375 1333 1443 certifiwtdur

246 1482 338 1549 Dom
356 1483 478 1569 Regem
494 1504 592 1569 super
605 1492 842 1547 sacromentum
858 1505 953 1547 suum
966 1481 1126 1569 quomodo
1137 1482 1218 1547 etin
1233 1480 1333 1568 quibu

246 1584 342 1650 rebus
372 1584 527 1672 Magister
556 1584 739 1650 Willclmus
767 1585 903 1671 Crespin
931 1585 1008 1651 fecit
1030 1584 1287 1651 destruccionem
1309 1583 1333 1650 d

247 1689 427 1757 hemiitnoe
453 1690 613 1756 «Iohannis
636 1690 695 1755 filii
719 1701 754 1755 et
778 1689 905 1757 herodis
936 1690 1111 1757 Murrusscri
1140 1690 1181 1757 de
1214 1690 1333 1756 Pcebn

247 1793 333 1859 undo
363 1794 416 1880 xij.
446 1793 602 1859 iuratores
638 1793 694 1880 qni
730 1793 811 1859 alias
847 1794 1038 1859 iurauerunt
1073 1792 1230 1861 dixerunt
1266 1816 1333 1881 quc

248 1895 409 1964 focerunt'
423 1895 677 1962 destruccionem
692 1895 735 1961 cd
751 1896 813 1962 uni.
829 1920 854 1961 c.
873 1896 941 1961 libr.
957 1908 1018 1963 etc.

313 2001 356 2066 Et
370 2001 447 2088 quin
461 2001 646 2067 conuictum
662 2013 712 2065 est
733 2001 819 2087 quod
839 2000 886 2066 ibi
907 2001 1088 2067 destruccio
1109 2001 1285 2067 mutones
1303 2024 1333 2067 α

247 2104 395 2190 oepiutur
411 2115 496 2169 terrn
511 2105 542 2169 in
559 2127 691 2169 monum
708 2104 801 2171 Dom.
817 2106 915 2193 Regis
935 2120 970 2170 et
991 2105 1064 2171 inde
1084 2106 1180 2171 faciut
1203 2106 1333 2171 uolunt!

250 2217 316 2272 tem
339 2230 429 2272 sunm
458 2230 516 2294 per
540 2206 695 2272 iudicium
723 2207 833 2273 curie⁸.
888 2208 965 2273 Post
989 2210 1080 2274 uenit
1105 2209 1199 2274 Doni.
1225 2209 1295 2275 Rex
1320 2236 1333 2275 e

248 2312 395 2377 concedit
421 2312 527 2377 eidem
556 2313 712 2399 Magistro
743 2312 904 2377 Willelmo
929 2313 1109 2378 contentioni
1133 2313 1224 2379 illum
1248 2312 1333 2379 sdhu

251 2445 307 2508 pro
323 2423 341 2486 l.
358 2423 474 2487 onmis
490 2423 536 2487 ito
551 2421 636 2508 qumi
652 2423 865 2487 sufficientem
883 2422 1030 2487 inueniet
1043 2423 1253 2487 securitatem
1269 2446 1333 2509 quo

250 2525 398 2591 doce-tero
414 2548 476 2589 uon
493 2526 588 2591 societ
606 2543 735 2591 uostum
753 2526 804 2590 uel
823 2524 1078 2591 destruccionem
1099 2540 1133 2591 et
1154 2525 1243 2612 quui
1263 2525 1333 2593 ben

252 2651 314 2692 uon
331 2627 501 2692 uiuritetur
517 2628 571 2693 ubi
587 2627 812 2715 dispumgetur
825 2640 885 2693 etc.

119 2738 211 2801 1145,
317 2731 442 2796 ‘Ausim
456 2731 547 2797 uenit
564 2734 768 2818 rewguituro
787 2733 813 2797 si
832 2732 994 2797 Woltems
1007 2730 1048 2797 de
1065 2730 1155 2796 wilt·
1169 2731 1333 2819 capellani

124 2832 204 2873 *Μ
251 2849 285 2900 et
303 2835 461 2900 lieuricus
475 2835 516 2901 dc
531 2836 702 2923 Akeleghn
716 2837 835 2902 iniuste
851 2848 885 2901 et
899 2837 969 2902 sinc
981 2835 1099 2902 iudicio
1109 2834 1333 2903 ‹limeisiuenu

254 2941 418 3006 Mobilinrn
434 2939 474 3006 de
488 2941 613 3007 Numct
624 2942 665 3007 de
678 2942 777 3007 libero
789 2953 1043 3007 tenementosuo
1054 2942 1088 3006 in
1102 2941 1333 3029 iiippiugemot

252 3060 324 3130 pst
347 3045 482 3130 primum
505 3046 743 3111 coromcimem
768 3058 827 3111 etc.
848 3059 881 3111 et
905 3045 991 3111 nude
1014 3046 1162 3132 ‹pteritur
1182 3048 1273 3133 quud
1295 3047 1333 3115 di

252 3149 444 3214 misiueruut
461 3172 532 3214 eum
548 3149 588 3214 de
604 3150 743 3236 «prinlum
766 3164 851 3215 terre
872 3163 1031 3217 ruontsun
1077 3151 1120 3215 Et
1137 3150 1308 3219 thterus
1325 3180 1333 3218 t

256 3251 414 3316 Heurieus
428 3252 565 3318 ueuiuut
581 3268 614 3316 et
630 3252 743 3318 dicunt
759 3253 844 3339 quod
866 3277 928 3318 rum
949 3253 1047 3319 debet
1068 3254 1143 3321 inde
1166 3259 1270 3324 mim
1290 3260 1333 3325 tie

253 3356 330 3443 quio
345 3378 407 3420 uou
423 3355 666 3421 disseisiuemut
682 3380 753 3422 enm
769 3356 809 3421 de
825 3357 934 3443 ulique
950 3370 1137 3425 tenemento
1151 3362 1231 3447 quis
1247 3386 1333 3431 muer

254 3474 476 3527 teruuwutum
492 3463 572 3528 illud
589 3461 629 3528 de
644 3487 708 3550 qno
722 3463 821 3528 onim
835 3464 992 3529 nrnrriints
1003 3480 1120 3543 estest
1132 3480 1333 3537 tenementut

255 3566 403 3652 Episcopi
420 3567 608 3633 Erouieusis
623 3581 656 3633 et
678 3568 751 3633 iude
767 3570 854 3654 cepit
869 3592 980 3635 omres
994 3587 1028 3636 et
1043 3572 1333 3641 comnotudinesu

255 3670 325 3756 ipsu
349 3670 446 3736 nichil
469 3686 575 3757 potest
597 3671 713 3739 hebere
734 3673 775 3740 de
797 3688 985 3741 tenemento
1000 3676 1064 3751 illo,
1078 3690 1112 3741 et
1134 3676 1212 3745 inde
1234 3701 1333 3766 pennu

254 3798 288 3839 se
303 3796 401 3860 super
415 3774 562 3840 iurntnru

318 3877 486 3943 Jurotons
509 3876 623 3943 dieunt
647 3879 732 3965 qnod
760 3880 896 3967 predicti
920 3881 1084 3949 Woltcms
1108 3885 1301 3972 cupelhnm
1328 3920 1333 3952 t

257 3979 417 4047 lieuricus
431 3981 471 4048 de
487 3982 657 4071 Akeleghn
667 3984 912 4052 disueisiuemnt
924 4010 996 4055 enm
1008 3988 1160 4057 delibero
1172 4006 1333 4063 teneam*

289 4146 367 4199 »sn

288 4211 367 4263 ’Bitu

259 4277 391 4391 malint
407 4278 464 4330 817.
498 4277 563 4331 run
580 4279 603 4331 1⁸
619 4278 685 4333 Fur.
702 4282 779 4337 Vnt.
850 4348 856 4359 1

290 4408 780 4471 ‘timentes-uiuum
