2926 5100
385 364 538 425 rurum,
560 364 625 414 sn.
650 351 742 422 1220.
765 365 828 414 aa
852 352 879 413 4.
1120 350 1184 413 335

179 529 394 599 Eth'ilfehnus
415 544 532 620 petens
555 532 702 599 defendit
727 533 814 620 quod
841 533 1005 619 predictus
1028 533 1186 599 Ricardus

136 650 250 719 utquam
268 635 359 701 dedit
382 636 445 723 ipsi
468 636 612 702 Waltero
634 637 864 702 terramillam
888 660 946 702 nec
970 637 1046 702 darc
1069 639 1186 724 potuit,

133 736 258 819 pinifero
281 740 438 805 Ricardus
459 764 627 827 nunquam
646 741 798 807 seisinam
821 741 937 806 habuit
959 742 1000 806 de
1025 752 1111 807 terra
1130 743 1187 807 illc

131 840 180 923 pis
191 842 245 929 ipat
258 844 329 909 Eua
342 845 424 910 obiit
439 845 517 911 inde
531 846 643 911 scisita
662 857 701 911 ut
720 847 762 911 de
783 846 954 932 maritagio
977 867 1044 923 suo,
1059 855 1094 910 et
1116 846 1187 932 ipsa

129 938 242 1019 atum
264 947 428 1033 predictum
455 948 619 1013 Walterus
646 949 753 1036 posuit
776 972 810 1013 se
837 949 871 1013 in
898 959 1015 1013 terram
1040 948 1129 1014 illam
1152 958 1186 1014 et

128 1040 207 1112 hirae
223 1064 252 1114 et
276 1051 311 1115 ui
334 1051 478 1116 detinuit
500 1061 534 1116 et
554 1052 680 1117 detinet
701 1063 736 1117 et
760 1051 819 1116 hoc
840 1053 933 1117 offert
948 1052 1081 1137 probare
1101 1053 1186 1118 sicut

125 1150 184 1215 mdc
200 1154 442 1219 considersuerit
469 1166 504 1219 et
530 1155 622 1241 ponit
647 1178 682 1220 sc
711 1176 809 1241 super
838 1154 975 1241 patriam
1001 1155 1088 1242 quod
1115 1155 1187 1220 Eun

124 1248 176 1317 th'it
187 1256 250 1320 inde
263 1257 381 1322 muita

165 1358 195 1423 ft
208 1360 385 1425 willelmus
400 1372 516 1425 tenens
529 1360 675 1426 defendit
690 1360 776 1446 quod
793 1383 856 1424 non
877 1359 959 1425 obiit
979 1360 1055 1426 inde
1075 1361 1187 1427 seisita

119 1465 221 1529 tuden
236 1487 351 1551 ponere
366 1488 400 1530 ne
416 1465 493 1531 inde
507 1487 605 1552 super
618 1465 758 1552 patriam
774 1477 808 1529 st
822 1465 973 1529 similiter
987 1465 1027 1530 de
1043 1465 1113 1530 iure
1119 1464 1136 1531 ¹.

163 1568 334 1633 (foeminei
349 1582 427 1633 sunt
444 1592 503 1655 per
517 1569 685 1635 licenciam
701 1580 760 1634 etc.

161 1669 272 1736 'Petrus
288 1674 442 1738 Larubcrt
453 1673 654 1739 attachiatus
666 1673 729 1738 fuit
740 1673 781 1739 ad
793 1673 1051 1759 respondendum
1063 1673 1185 1739 Mabile
1295 1705 1302 1718 ·

112 1775 179 1839 *ici
191 1775 362 1861 Wymumfi
382 1778 423 1842 de
445 1776 573 1842 Iaenm'
593 1800 693 1863 quare
716 1788 828 1842 contre
848 1777 1101 1864 prohibicionem
1124 1788 1183 1843 etc

109 1879 282 1942 *wtmfuit
299 1878 456 1964 placitum
474 1878 613 1943 incuria
632 1878 856 1943 cristianitatis
876 1879 917 1944 de
937 1878 1062 1944 catallis
1082 1879 1185 1966 ipsius

109 1964 211 2075 mn·
230 1998 263 2045 et
288 1983 351 2047 uiri
375 1983 427 2047 aui
451 2005 515 2069 que
538 2005 603 2047 neu
622 1992 700 2046 sunt
722 1982 763 2047 do
786 1992 981 2047 testamento
1004 1992 1074 2061 etc,
1097 1983 1184 2047 undo

109 2198 167 2261 tu
194 2192 290 2273 exigit
321 2191 363 2254 de
393 2204 538 2275 temp›re
568 2212 688 2275 gwerre
718 2189 841 2254 scilicet
872 2214 910 2255 eo
945 2200 1089 2276 tempore
1119 2215 1184 2277 quo

109 2278 273 2359 ffluimm‘
287 2296 350 2359 fuit
367 2295 399 2359 in
417 2294 546 2380 Augiim
561 2305 595 2359 et
611 2295 686 2359 inde
702 2294 851 2381 producit
866 2305 987 2359 sectam
1004 2306 1063 2360 etc.

154 2395 187 2461 ti
203 2398 315 2463 Petrus
331 2399 423 2463 uenit
438 2411 474 2463 et
488 2397 634 2463 defendit
649 2411 761 2462 eontra
783 2421 855 2462 earu
876 2408 910 2461 ct
930 2407 1043 2462 contra
1061 2407 1182 2462 sectam

109 2508 174 2565 hm
183 2503 264 2589 quiid
276 2526 443 2588 uunquam
457 2513 529 2589 post
545 2502 796 2588 prohibicionem
812 2503 842 2567 ei
856 2504 972 2566 factam
989 2511 1119 2566 secutus
1133 2511 1183 2565 est

109 2598 230 2677 hrum
246 2606 279 2671 in
294 2607 385 2671 curia
404 2606 629 2671 cristianitatia
648 2605 689 2670 dc
712 2604 865 2692 predictis
884 2604 1025 2669 denariis
1044 2616 1078 2669 et
1099 2606 1182 2692 petit

109 2696 230 2773 ilicium
259 2710 286 2774 ai
316 2709 347 2773 ei
376 2709 497 2773 debeat
527 2709 716 2794 respondere
745 2708 814 2772 sinc
842 2708 911 2772 uiro
935 2731 1003 2785 suo,
1027 2720 1077 2775 set
1102 2709 1182 2775 dicit

111 2820 191 2876 Μ
210 2814 295 2899 qnod
322 2813 422 2877 traxit
448 2812 556 2877 uirum
580 2835 676 2877 sirum
701 2812 734 2877 in
760 2812 915 2898 placitum
939 2813 972 2877 in
995 2813 1086 2878 curia
1106 2814 1182 2879 cris·

109 2912 237 2981 hiatu
257 2917 299 2980 de
319 2916 383 2981 fide
405 2916 473 2979 fena
494 2937 551 3000 pro
571 2915 738 3001 predictis*
759 2915 873 2979 marcis
895 2926 930 2979 et
951 2917 1038 3001 quod
1052 2928 1181 2983 seuten-

109 3014 198 3084 htcrc
220 3021 280 3085 fuit
306 3020 339 3084 in
362 3019 476 3083 eadem
499 3019 589 3083 curia
610 3030 722 3084 contra
743 3042 825 3095 earu,
846 3042 884 3083 eo
910 3020 996 3105 quod
1023 3021 1093 3106 ipsa
1118 3022 1182 3086 fuit

109 3138 240 3191 musta
254 3126 315 3190 uiri
336 3125 398 3200 arri,
413 3138 447 3189 et
468 3124 546 3210 quin
566 3124 637 3210 ipsa
659 3125 764 3189 uoluit
788 3146 898 3210 parere
923 3124 1042 3190 iudicio
1065 3125 1181 3191 iudicis

109 3228 216 3313 etgari
230 3229 511 3294 exeornrnunicata
526 3230 597 3304 fuit,
612 3240 646 3294 et
661 3230 721 3294 hoc
737 3240 844 3294 totum
860 3231 980 3294 factum
998 3230 1060 3294 fuit
1077 3230 1180 3315 prius·

109 3354 174 3397 ιω
190 3334 320 3398 heberet
343 3333 595 3419 prohibicionem
618 3333 709 3398 Dona
727 3334 834 3418 Regis
881 3334 924 3398 Et
938 3333 1016 3419 quia
1031 3334 1101 3420 ipsa
1116 3358 1180 3400 non

109 3452 183 3501 ιωι
207 3438 392 3524 responderi
419 3437 489 3502 siue
519 3438 589 3502 uiro
614 3460 682 3514 suo,
708 3438 908 3523 prohibitum
934 3447 984 3501 ost
1015 3437 1110 3502 Petro
1139 3462 1181 3503 ue

109 3542 214 3626 aplius
234 3556 391 3628 curamur
411 3541 567 3626 placitum
591 3540 729 3615 illudet
752 3541 824 3606 ideo
846 3541 917 3627 ipsa
938 3541 1013 3607 inde
1035 3542 1105 3607 siue
1127 3542 1181 3607 dio

109 3656 160 3723 tf

138 3749 319 3815 ‘smmum
333 3750 376 3814 de
394 3750 516 3814 Breusa
530 3750 615 3836 petit
631 3772 743 3814 iremus
759 3748 974 3835 Reginaldum
997 3750 1036 3815 de
1059 3751 1182 3815 Brcrua

109 3870 213 3917 sanim
237 3852 278 3919 de
303 3853 459 3918 Brembre
478 3876 552 3918 cum
574 3867 653 3939 pert.
672 3866 709 3917 ut
729 3853 780 3917 ius
799 3868 833 3918 et
849 3853 1063 3918 hereditatem
1078 3877 1180 3928 suam,

109 4089 111 4093 v
131 4062 176 4114 fl·
186 4062 208 4111 ic
219 4062 297 4121 md!
307 4066 337 4111 to
348 4077 381 4121 gc
397 4066 425 4109 to
437 4061 481 4111 tha
491 4067 601 4121 country
653 4060 710 4110 who
721 4076 794 4110 carna
806 4064 833 4110 tc
848 4060 891 4109 sid
909 4059 953 4109 the
970 4060 1064 4109 herous
1077 4058 1181 4121 againct

110 4140 139 4177 rc
158 4127 232 4177 zur·
245 4128 324 4175 witin
336 4142 365 4176 or
377 4142 408 4176 u
422 4136 449 4175 to
464 4126 508 4176 the
521 4126 602 4175 whole
653 4125 734 4175 John,

109 4206 192 4241 ιιυιιο
205 4196 235 4239 of
244 4193 322 4249 naht.
544 4219 550 4230 ·
685 4192 696 4222 ¹
713 4191 812 4253 supply
824 4197 940 4253 quantuor.
954 4190 983 4243 Δ.
996 4188 1026 4237 Β.

131 4257 393 4309 tamtum.
686 4252 1178 4310 ·A.m.s;1t.m.1u.sorsn

135 4326 261 4371 [muti
276 4324 353 4377 sari,
367 4322 397 4370 B.
653 4320 745 4371 mlier
756 4330 826 4377 stane
838 4321 866 4368 of
882 4320 935 4368 this
949 4318 1034 4368 action
1047 4334 1088 4369 see
1099 4319 1180 4369 ebore

130 4388 187 4435 *b
204 4404 250 4437 aon
269 4389 300 4436 ot
314 4388 361 4439 tha
378 4385 439 4448 king
455 4388 483 4436 ef
498 4387 601 4441 Preme.
654 4385 825 4435 Cmtdcnd
838 4386 879 4434 Br.
895 4386 912 4433 f.
926 4386 972 4432 stt
985 4384 1009 4432 b.
