2926 5100
363 398 891 479 monam‚an.121⁷,na
917 401 1010 465 1-2.
1177 399 1242 465 315

167 590 271 679 ttanp'
281 600 316 657 et
327 590 461 657 terciam
476 598 602 677 partem
614 588 638 674 j.
650 585 809 674 mesuagii
823 594 858 651 et
873 586 1007 652 terciam
1021 593 1148 674 partem
1160 586 1241 673 xiiij.

161 696 226 761 adid
239 694 382 760 redditur
395 716 470 760 cum
490 702 572 781 pert
588 693 623 758 in
643 691 757 757 eodem
778 691 859 757 uilla
878 700 918 755 ut
935 690 1046 755 dotem
1066 712 1158 755 ruam
1180 700 1241 756 etc

161 797 193 863 ὓ
209 799 261 886 ipci
286 798 403 864 nolunt
426 796 620 885 respondere
649 796 719 861 sine
749 804 892 860 waranto
921 817 979 859 auo
1007 793 1048 859 de
1078 793 1154 859 dote
1176 817 1244 870 aua,

152 901 253 966 aditet
280 901 408 966 Thoma
436 900 503 965 filio
531 909 567 964 et
597 899 716 964 herede
745 897 883 984 predicti
913 897 1032 984 Rogeri
1057 898 1114 984 qui
1137 906 1187 962 eat
1208 897 1244 962 in

152 1005 276 1070 custodia
299 1003 438 1069 walteri
461 1004 502 1070 de
525 1002 727 1090 Winelegha
772 1002 816 1066 Et
838 1000 912 1066 ideo
933 1001 1170 1066 consideratum
1193 1009 1244 1065 eat

148 1108 221 1191 qod
235 1108 398 1173 walterus
413 1107 578 1194 predictus
592 1113 837 1171 summoneatur
856 1103 942 1190 quod
963 1103 1008 1168 ait
1028 1104 1087 1169 tali
1106 1103 1159 1168 die
1182 1111 1243 1169 etc

149 1224 184 1273 et
194 1212 228 1276 oi
243 1211 363 1276 habeat
377 1210 453 1276 etc¹
498 1210 542 1274 Et
557 1209 664 1274 Alioia
678 1207 771 1294 ponit
786 1207 854 1272 loco
870 1230 929 1272 auo
943 1216 1003 1272 etc

95 1343 105 1369 ι
205 1315 351 1380 lathone
379 1313 421 1380 do
449 1312 587 1399 Wallop'
616 1311 833 1376 summonitus
862 1311 926 1375 snit
955 1310 996 1376 ad
1033 1333 1102 1376 ease
1136 1333 1242 1376 coram

151 1412 317 1484 monnio
342 1428 529 1482 octenanma
554 1414 641 1503 qnod
665 1415 716 1479 iua
740 1414 840 1479 habet
864 1423 899 1480 et
924 1414 1042 1480 habere
1068 1415 1186 1480 clamat
1208 1415 1243 1481 in

150 1522 277 1587 cumi·
297 1521 434 1586 carceris
455 1519 623 1585 Wintonic
645 1541 719 1584 cnm
742 1518 952 1606 pertinenciis
980 1519 1047 1583 auia
1073 1528 1133 1584 etc
1156 1518 1243 1585 unde

153 1616 315 1690 willelmus
337 1624 379 1690 de
405 1624 459 1689 Ho
481 1623 626 1688 ostendit
651 1622 737 1709 quod
764 1622 858 1690 Dom.
882 1623 954 1688 Rex
977 1622 1134 1688 Ricardna
1153 1621 1245 1687 dedit

150 1725 176 1788 ei
194 1751 246 1815 pro
267 1729 421 1815 homagio
443 1736 479 1792 et
499 1727 635 1792 ceruicio
655 1750 714 1792 auo
733 1727 913 1793 custodiam
928 1727 1063 1793 carceris
1076 1727 1244 1792 Wintonic

149 1850 209 1899 mm
237 1848 324 1899 terra
352 1833 393 1898 de
423 1831 601 1897 Wodecota
630 1855 704 1897 cum
735 1833 945 1920 pertinenciis
982 1832 1165 1920 pertinento
1201 1832 1243 1898 nd

146 1938 272 2003 undem
302 1960 472 2013 carcerem,
494 1935 581 2001 unde
610 1936 678 2023 ipae
709 1937 772 2001 suit
798 1936 928 2001 saisitus
954 1945 993 2000 ut
1017 1935 1058 2001 do
1082 1936 1152 2001 iuro
1183 1945 1242 2002 etc

146 2050 279 2129 tempore
301 2042 396 2107 Dum
414 2040 513 2128 Regia
532 2039 564 2106 J.
579 2039 736 2127 capiendo
756 2039 831 2104 inde
852 2040 983 2126 expleta
1002 2039 1043 2105 ad
1064 2040 1244 2105 ualenciam

140 2156 200 2210 tte.

207 2249 244 2314 Et
271 2249 424 2314 Mathone
449 2248 543 2312 uenit
571 2257 606 2311 et
634 2247 781 2312 defendit
806 2247 857 2312 ina
883 2270 979 2313 auum
1009 2256 1068 2313 etc
1095 2256 1130 2313 et
1158 2247 1244 2334 petit

134 2348 243 2417 uiuam
257 2354 298 2418 dc
314 2351 455 2417 tetrade
471 2351 654 2416 Wodoootn
701 2351 840 2416 Habeat.
886 2351 966 2417 Dies
980 2360 1039 2417 etc.

95 2446 110 2509 ί
207 2456 366 2521 Johannca
389 2453 534 2520 Wacclin
559 2455 679 2541 optulit
699 2478 733 2519 ae
755 2455 826 2540 iiij⁸⁰
840 2454 893 2519 die
915 2478 1026 2519 uersus
1041 2455 1244 2521 Willelmnm

129 2548 281 2624 Wmnn
300 2559 342 2624 de
363 2558 483 2644 placito
503 2556 590 2643 qnod
608 2558 795 2621 warentizet
810 2556 841 2622 ei
855 2556 937 2622 duas
951 2581 1052 2623 carnc
1069 2566 1154 2623 terro
1169 2580 1243 2623 cnm

125 2664 266 2739 pertin
282 2662 555 2748 Winelingeham,
570 2684 649 2746 quaa
665 2670 757 2726 tenet
772 2659 861 2725 etde
882 2683 920 2725 eo
940 2670 1051 2726 tenere
1071 2662 1191 2727 clamat
1209 2670 1245 2727 et

126 2765 228 2830 unde
240 2781 359 2832 cartam
375 2789 467 2831 auam
485 2765 584 2830 habet
599 2775 638 2830 ut
651 2764 732 2829 dicit
747 2773 806 2830 etc

214 2870 248 2935 Et
263 2872 446 2938 Wiilolmua
467 2894 529 2936 non
553 2871 646 2934 uouit
669 2880 738 2944 etc..
754 2878 789 2933 et
804 2868 920 2934 habuit
940 2869 1026 2934 diem
1047 2892 1106 2956 per
1125 2869 1243 2935 esconi-

124 2982 261 3038 mrem
289 2997 394 3039 anum
440 2974 483 3038 Et
510 2973 583 3037 ideo
603 2971 843 3036 consideratum
866 2971 1025 3057 estquod
1047 2971 1246 3037 attachietur

129 3075 230 3151 qod
251 3079 291 3142 ait
314 3077 373 3141 tali
393 3076 447 3141 dic
471 3087 541 3152 etc,
556 3087 590 3139 ot
611 3075 788 3140 uiceeomcs
809 3075 983 3160 diligenter
1005 3075 1124 3161 inquiri
1148 3076 1245 3140 saciat

132 3176 221 3253 qut
237 3181 276 3244 rit
299 3181 397 3265 Borry
417 3180 458 3244 dc
485 3180 679 3244 Suanetona
702 3179 758 3264 qui
784 3179 924 3244 cundem
946 3180 1145 3244 Willelmum
1167 3181 1245 3245 falso

137 3287 311 3350 monuit
335 3285 377 3349 ad
401 3283 583 3370 predictum
609 3283 793 3361 terminum,
810 3293 845 3347 et
866 3283 958 3348 illum
978 3283 1085 3370 capiat
1105 3294 1140 3349 ct
1154 3285 1245 3349 saluo

140 3389 297 3453 Quint
313 3390 415 3453 donec
430 3387 519 3451 aliud
534 3399 594 3451 otc

95 3490 107 3549 '.
149 3578 160 3587 ι
217 3488 360 3556 Rimrtiua
374 3491 415 3555 dc
433 3491 522 3555 Mara
533 3489 749 3554 summonitus
761 3489 879 3556 fnitad
895 3492 1129 3558 ostendendum
1144 3516 1243 3580 qrranc

147 3599 218 3664 Ψ
230 3618 284 3659 non
304 3594 467 3681 permittit
489 3593 630 3658 Priorem
650 3592 691 3657 do
716 3593 864 3658 Mertona
887 3605 1070 3681 presentare
1094 3596 1242 3662 idoneam

151 3698 305 3761 mmmm
330 3697 371 3761 ad
397 3696 564 3760 eccleciam
589 3696 629 3760 de
654 3696 836 3761 Twinsuoo
860 3720 923 3783 qno
949 3707 1044 3763 uacat
1068 3710 1126 3763 otc.
1151 3700 1243 3764 cuius

150 3786 384 3863 ¹duotncionom
416 3796 501 3862 idom
534 3799 622 3862 Prior
650 3797 730 3862 dicit
759 3798 800 3862 ad
830 3823 863 3863 so
894 3800 1054 3885 pertinere
1084 3811 1142 3866 etc
1201 3802 1244 3866 Et

152 3877 297 3965 'sienim
322 3902 402 3966 dicit
426 3902 512 3987 quod
539 3902 606 3987 ipse
631 3902 716 3966 iuste
743 3903 879 3988 impedit
903 3904 980 3989 quin
1008 3904 1173 3969 Johnnnoa
1203 3906 1243 3971 do

151 3979 240 4064 ἵνα
263 4003 442 4067 auunculus
469 4027 546 4068 auus
576 4005 776 4090 presentauit
807 4005 956 4070 ultimam
985 4029 1151 4092 perronam
1182 4019 1243 4074 cto

147 4102 264 4169 *ulio-t
289 4109 444 4172 Thomam
469 4107 509 4172 dc
534 4109 688 4173 Sunbiria
712 4110 872 4183 clericum,
897 4121 929 4174 ct
955 4121 1063 4196 proter
1086 4110 1242 4177 Thonrnm

148 4206 342 4274 tna-orauit
379 4211 446 4296 ipsc
483 4213 654 4299 quomdam
692 4213 891 4277 Ramnrlfum
928 4214 985 4298 qui
1018 4213 1133 4278 ultimo
1162 4215 1244 4280 obiit

151 4312 288 4376 nrum
340 4315 379 4379 Et
412 4316 499 4382 Prior
527 4319 605 4383 dicit
636 4317 722 4404 quod
752 4318 819 4404 ipac
857 4318 1057 4404 proscntauit
1094 4319 1243 4386 ultimam

606 4445 674 4495 ¹1³1.
689 4444 704 4495 i.
720 4446 776 4496 298.
