2926 5100
235 394 277 458 ot
553 405 694 464 nrurr,
715 403 780 454 sn.
807 390 899 463 1225,
920 404 985 453 su
1010 391 1039 454 9.

237 580 313 647 inde
340 579 487 668 preducit
513 588 634 644 sectum
661 577 876 643 sufficientem
903 589 964 642 etc.
987 589 1022 643 et
1044 577 1125 643 dicit
1150 577 1237 664 quod
1262 576 1334 643 iden

238 686 400 752 Henricus
422 684 600 771 dompnum
624 683 724 748 hebet
746 704 804 769 per
824 682 1079 748 destruccionem
1102 682 1143 749 od
1167 683 1334 749 uuleucitn

239 811 288 855 xv.
304 809 399 853 merc
443 786 488 850 Et
509 785 665 851 Ricardus
686 786 778 850 uenit
799 795 833 849 et
853 785 1000 851 defendit
1022 796 1153 851 uastum
1176 797 1211 850 et
1235 784 1334 852 uendi

237 892 362 958 cionem
389 901 423 955 et
448 888 712 963 destmocionem,
734 900 769 953 et
795 887 881 974 qnod
904 889 1010 953 nullos
1031 888 1143 953 domos
1165 889 1334 975 mpomni

238 1005 308 1068 etc.
323 1004 374 1059 sct
390 1016 503 1059 uenum
520 993 593 1056 uult
607 992 722 1066 dicere,
738 993 808 1078 ipso
824 993 959 1057 bistillis
975 992 1091 1058 hebuit
1105 1003 1172 1058 tres
1186 993 1334 1060 domosir

239 1098 353 1164 eedem
369 1097 458 1162 curin
472 1096 514 1161 ad
529 1095 638 1161 dotem
654 1119 746 1159 suom
767 1119 848 1182 qum
867 1097 938 1182 ipso
958 1119 1021 1182 que
1042 1097 1193 1183 queritur
1214 1099 1334 1164 smonit

240 1213 275 1267 et
300 1200 409 1287 posuit
435 1198 493 1264 ubi
519 1198 634 1274 uoluit,
657 1209 692 1263 et
715 1198 886 1276 destruxit,
910 1211 945 1264 ct
970 1199 1034 1264 alie
1059 1199 1176 1265 domus
1202 1211 1334 1288 tempos

239 1303 369 1389 guerre¹
385 1324 442 1387 pro
456 1300 585 1365 deiectu
602 1300 769 1365 hominum
784 1300 1042 1366 iubebituncium
1064 1301 1097 1367 in
1118 1303 1166 1367 eis
1186 1315 1221 1368 et
1237 1316 1334 1391 putu

240 1427 298 1491 per
320 1404 483 1491 quotidem
509 1414 738 1489 tempestatem
762 1403 949 1470 ceciderunt
970 1429 1027 1492 per
1045 1430 1080 1472 se
1100 1420 1136 1473 ct
1156 1410 1334 1476 mereminn

241 1509 353 1574 brrtim
374 1509 578 1573 subtractum
601 1508 664 1572 suit
687 1518 721 1572 ct
743 1509 814 1594 ipso
836 1508 952 1575 hebuit
973 1510 1136 1597 quendem
1159 1526 1287 1598 portem
1309 1512 1334 1579 d

241 1612 403 1688 moremio,
418 1623 453 1678 et
474 1613 560 1700 quod
581 1613 629 1678 ito
650 1613 694 1677 sit
716 1624 750 1678 et
773 1635 837 1679 non
859 1614 923 1679 olio
944 1615 1040 1681 modo
1061 1616 1156 1681 offert
1178 1616 1334 1685 defendes

241 1716 292 1782 se'
305 1717 391 1782 sicut
405 1717 495 1782 curie
509 1716 768 1783 considemuerit.
787 1718 793 1806 Ι

307 1821 351 1885 Et
377 1821 513 1886 bistillis
539 1821 687 1908 producit
712 1833 834 1888 sectam
863 1824 1077 1889 sufficientem
1107 1823 1194 1911 qnod
1223 1824 1334 1892 dnobn

240 1927 334 1993 annis
356 1936 486 1991 tuntum
510 1926 680 1991 transactis
701 1926 881 2013 asportouit
901 1927 988 1992 idem
1008 1926 1166 1992 Ricordus
1184 1929 1334 1995 suune

242 2052 299 2116 per
322 2053 397 2095 cum
423 2052 535 2094 omnes
559 2029 622 2094 elie
648 2029 764 2094 domus
789 2040 953 2115 osmrtotc
980 2031 1120 2096 fuerunt
1167 2031 1218 2096 De
1246 2033 1334 2099 tribu

240 2132 391 2198 domibus
405 2130 491 2197 unde
507 2132 575 2217 ipse
596 2133 740 2218 loquitur
758 2130 838 2196 dicit
859 2132 929 2218 ipss
948 2131 1033 2217 quod
1054 2155 1168 2198 neuere
1186 2134 1334 2222 migmt

242 2239 375 2301 fuerunt
395 2236 426 2300 ei
446 2236 487 2303 od
505 2237 614 2302 dotem
635 2260 726 2301 suom
748 2248 783 2300 et
804 2236 875 2322 ipso
896 2236 969 2301 illes
990 2237 1100 2322 posuit
1120 2259 1219 2324 super
1240 2239 1334 2305 dorm

241 2362 333 2405 sunm
348 2350 383 2404 et
397 2339 437 2404 dc
453 2339 603 2404 omnibus
618 2339 681 2403 hiis
695 2339 787 2426 ponit
802 2362 836 2404 se
857 2361 955 2424 super
975 2340 1113 2425 petrium
1134 2340 1162 2405 ni
1182 2350 1274 2406 rectu
1291 2363 1334 2406 stu

242 2464 306 2506 non
321 2441 469 2516 sufficiet,
485 2453 520 2506 ot
534 2441 614 2505 dicit
629 2441 715 2528 quod
730 2442 858 2507 orbor-es
872 2442 957 2506 circo
972 2443 1150 2530 menagium
1170 2443 1334 2532 extirpnni

242 2556 277 2608 et
291 2543 459 2608 destruxit

309 2647 351 2711 Et
368 2645 524 2711 Rienrdus
538 2645 684 2711 defendit
703 2658 816 2712 contro
835 2670 907 2712 erun
928 2659 962 2712 et
982 2656 1095 2713 contre
1113 2660 1237 2715 sectum
1256 2672 1334 2716 suu

243 2751 328 2837 quod
359 2751 484 2815 nullum
516 2761 645 2814 uastum
676 2750 753 2814 feeit
780 2752 832 2815 uel
863 2751 1127 2829 destruccionem,
1153 2774 1213 2818 nec
1238 2753 1334 2820 domo

242 2853 421 2941 mportrmit
437 2876 496 2918 nec
510 2853 639 2917 arbores
653 2854 855 2939 exstirpouit,
871 2854 970 2919 immo
989 2855 1074 2921 sicut
1094 2856 1277 2943 predictum
1300 2880 1334 2925 α

242 2968 404 3044 usponote
420 2958 552 3022 fuerunt
567 2968 602 3021 et
616 2957 780 3022 destmctc
796 2969 940 3044 ternpore
951 2980 1067 3045 guerre
1078 2982 1137 3045 per
1148 2958 1334 3027 wilielmun

241 3061 283 3126 de
298 3060 399 3145 'I‘ylli⁸
414 3071 448 3125 ct
464 3082 521 3145 per
534 3069 733 3124 tormentum
748 3072 783 3124 et
798 3083 856 3147 per
870 3061 973 3147 ipsam
988 3062 1074 3126 sicut
1093 3062 1277 3148 predictum
1291 3074 1334 3131 ut

242 3173 276 3228 et
293 3164 367 3229 inde
383 3164 473 3249 pouit
488 3186 522 3228 sc
537 3186 634 3249 super
649 3163 797 3248 petrium.

309 3267 351 3332 Et
366 3266 438 3332 idco
458 3277 645 3352 preceptum
664 3278 715 3331 cst
735 3267 917 3333 uicecomiti
937 3267 1024 3354 quod
1043 3269 1220 3356 numptis
1239 3292 1334 3336 secun

242 3385 301 3438 etc
317 3372 358 3437 de
378 3373 523 3458 proximo
545 3372 672 3437 uisneto
691 3373 724 3437 in
745 3374 874 3460 proprio
892 3396 1027 3459 persons
1040 3386 1101 3440 etc.
1115 3388 1151 3439 et
1167 3397 1225 3462 per
1238 3398 1334 3442 corun

242 3490 302 3543 ete.
318 3477 492 3562 diligenter
506 3477 648 3563 inquiret
664 3477 750 3564 quod
771 3492 900 3542 uastum
922 3489 958 3543 et
976 3501 1074 3565 quom
1095 3478 1334 3546 destruccionen

243 3581 328 3647 idem
346 3581 502 3646 Ricardus
518 3583 593 3647 fecit
608 3581 649 3646 de
664 3581 814 3648 domibus
830 3583 909 3647 illio·
922 3583 1090 3648 arboribus
1111 3583 1198 3649 unde
1215 3583 1334 3650 uuiti

242 3701 301 3751 ete.
318 3697 352 3750 et
374 3685 459 3751 uude
475 3686 560 3751 idem
578 3687 734 3751 Ricardum
748 3687 829 3751 dicit
848 3699 918 3763 etc,
934 3698 968 3752 et
991 3687 1237 3773 inquisicionem
1260 3688 1334 3755 illu

243 3789 361 3854 hubent
378 3791 435 3855 tuli
451 3789 504 3855 dic
519 3804 579 3855 etc.
596 3814 654 3877 per
670 3792 794 3857 littores
809 3815 884 3856 sum
898 3806 932 3857 et
947 3792 1054 3878 sigillo
1069 3806 1130 3858 etc.

306 3891 440 3956 ‘Poeten
454 3893 635 3957 eonmrdoti
652 3908 730 3958 sunt
746 3896 793 3959 ito
807 3895 893 3982 quod
915 3895 1079 3981 predictus
1100 3895 1258 3961 Ricnrdus
1276 3918 1334 3963 m

242 3996 336 4060 ceruit
353 4008 385 4060 et
403 3997 544 4063 reddidit
559 3998 702 4083 predicte
720 3999 871 4065 ttotillidi
892 3999 1071 4065 custodium
1092 3999 1181 4064 iliam
1202 4012 1235 4065 et
1257 4000 1334 4067 ntis

279 4247 285 4276 ¹
304 4248 332 4294 Λ.
346 4245 376 4294 D.
393 4247 512 4296 lert-t.
854 4250 864 4278 ⁴
881 4248 979 4311 Suppiy
991 4258 1023 4305 et,
1038 4248 1068 4297 B.

277 4313 363 4360 ⁸()m.
376 4327 409 4364 u.
423 4310 450 4360 u.
854 4313 935 4364 ‘Tne
955 4314 1087 4375 tottovina
1105 4313 1193 4366 einh
1212 4314 1239 4367 it
1257 4315 1334 4368 ui

276 4376 391 4437 'ssuyor
413 4377 442 4425 oi
466 4375 667 4441 Nortbnmpton.
697 4379 768 4429 titt.
821 4378 850 4428 Β.

244 4439 304 4489 ltot.
317 4440 355 4490 01.
368 4439 418 4490 roi.
432 4443 491 4503 Μ).
506 4442 561 4492 iffi.
