<?xml version="1.0" encoding="UTF-8"?>
<!DOCTYPE html PUBLIC "-//W3C//DTD XHTML 1.0 Transitional//EN"
    "http://www.w3.org/TR/xhtml1/DTD/xhtml1-transitional.dtd">
<html xmlns="http://www.w3.org/1999/xhtml" xml:lang="en" lang="en">
 <head>
  <title>
</title>
<meta http-equiv="Content-Type" content="text/html;charset=utf-8" />
  <meta name='ocr-system' content='tesseract 3.04.00' />
  <meta name='ocr-capabilities' content='ocr_page ocr_carea ocr_par ocr_line ocrx_word'/>
</head>
<body>
  <div class='ocr_page' id='page_1' title='image "./bractonsnoteboo02bracgoog/bractonsnoteboo02bracgoog_0108.png"; bbox 0 0 2926 5100; ppageno 0'>
   <div class='ocr_carea' id='block_1_1' title="bbox 242 361 1036 440">
    <p class='ocr_par' dir='ltr' id='par_1_1' title="bbox 242 361 1036 440">
     <span class='ocr_line' id='line_1_1' title="bbox 242 361 1036 440; baseline -0.008 -8"><span class='ocrx_word' id='word_1_1' title='bbox 242 369 284 432; x_wconf 83' lang='grc'>98</span> <span class='ocrx_word' id='word_1_2' title='bbox 555 376 692 436; x_wconf 76' lang='lat' dir='ltr'>marna.</span> <span class='ocrx_word' id='word_1_3' title='bbox 715 375 781 427; x_wconf 76' lang='lat' dir='ltr'>an.</span> <span class='ocrx_word' id='word_1_4' title='bbox 805 361 898 440; x_wconf 77' lang='lat'>1225,</span> <span class='ocrx_word' id='word_1_5' title='bbox 920 375 984 427; x_wconf 76' lang='lat' dir='ltr'>aa</span> <span class='ocrx_word' id='word_1_6' title='bbox 1007 363 1036 428; x_wconf 84' lang='lat' dir='ltr'>n.</span> 
     </span>
    </p>
   </div>
   <div class='ocr_carea' id='block_1_2' title="bbox 114 540 1306 4263">
    <p class='ocr_par' dir='ltr' id='par_1_2' title="bbox 241 540 1306 1467">
     <span class='ocr_line' id='line_1_2' title="bbox 241 540 1306 639; baseline -0.006 -20"><span class='ocrx_word' id='word_1_7' title='bbox 241 553 292 619; x_wconf 83' lang='lat' dir='ltr'>ani</span> <span class='ocrx_word' id='word_1_8' title='bbox 316 573 483 639; x_wconf 88' lang='lat' dir='ltr'>nunqnam</span> <span class='ocrx_word' id='word_1_9' title='bbox 510 550 600 636; x_wconf 82' lang='lat' dir='ltr'>prins</span> <span class='ocrx_word' id='word_1_10' title='bbox 623 559 895 636; x_wconf 79' lang='lat' dir='ltr'>pmsentanemnt</span> <span class='ocrx_word' id='word_1_11' title='bbox 918 549 1061 636; x_wconf 84' lang='lat' dir='ltr'>aliquem</span> <span class='ocrx_word' id='word_1_12' title='bbox 1085 548 1250 625; x_wconf 80' lang='lat' dir='ltr'>clericam,</span> <span class='ocrx_word' id='word_1_13' title='bbox 1274 540 1306 637; x_wconf 79' lang='lat' dir='ltr'>qi</span> 
     </span>
     <span class='ocr_line' id='line_1_3' title="bbox 243 652 1306 743; baseline -0.003 -23"><span class='ocrx_word' id='word_1_14' title='bbox 243 656 376 743; x_wconf 83' lang='lat' dir='ltr'>qnidam</span> <span class='ocrx_word' id='word_1_15' title='bbox 399 654 534 720; x_wconf 83' lang='lat' dir='ltr'>Edricua</span> <span class='ocrx_word' id='word_1_16' title='bbox 556 662 650 739; x_wconf 86' lang='lat' dir='ltr'>pater</span> <span class='ocrx_word' id='word_1_17' title='bbox 671 652 808 738; x_wconf 81' lang='lat' dir='ltr'>predicti</span> <span class='ocrx_word' id='word_1_18' title='bbox 831 652 981 717; x_wconf 81' lang='lat' dir='ltr'>Demadi</span> <span class='ocrx_word' id='word_1_19' title='bbox 1008 652 1161 718; x_wconf 78' lang='lat' dir='ltr'>fundauit</span> <span class='ocrx_word' id='word_1_20' title='bbox 1187 652 1306 717; x_wconf 71' lang='lat' dir='ltr'>ecclesie</span> 
     </span>
     <span class='ocr_line' id='line_1_4' title="bbox 244 754 1306 842; baseline -0.006 -17"><span class='ocrx_word' id='word_1_21' title='bbox 244 761 332 825; x_wconf 87' lang='lat' dir='ltr'>illam</span> <span class='ocrx_word' id='word_1_22' title='bbox 349 770 383 824; x_wconf 92' lang='lat' dir='ltr'>et</span> <span class='ocrx_word' id='word_1_23' title='bbox 399 759 487 823; x_wconf 88' lang='lat' dir='ltr'>illam</span> <span class='ocrx_word' id='word_1_24' title='bbox 503 756 595 822; x_wconf 81' lang='lat' dir='ltr'>dedit</span> <span class='ocrx_word' id='word_1_25' title='bbox 611 755 752 821; x_wconf 90' lang='lat' dir='ltr'>Sietride</span> <span class='ocrx_word' id='word_1_26' title='bbox 767 755 834 820; x_wconf 88' lang='lat' dir='ltr'>filio</span> <span class='ocrx_word' id='word_1_27' title='bbox 854 778 913 819; x_wconf 84' lang='lat' dir='ltr'>ano</span> <span class='ocrx_word' id='word_1_28' title='bbox 935 764 1087 842; x_wconf 87' lang='lat' dir='ltr'>poatnato</span> <span class='ocrx_word' id='word_1_29' title='bbox 1110 756 1195 842; x_wconf 87' lang='lat' dir='ltr'>patri</span> <span class='ocrx_word' id='word_1_30' title='bbox 1218 754 1306 842; x_wconf 76' lang='lat' dir='ltr'>predi</span> 
     </span>
     <span class='ocr_line' id='line_1_5' title="bbox 243 858 1306 946; baseline -0.006 -17"><span class='ocrx_word' id='word_1_31' title='bbox 243 862 374 929; x_wconf 83' lang='lat' dir='ltr'>Osberti</span> <span class='ocrx_word' id='word_1_32' title='bbox 404 872 438 927; x_wconf 88' lang='lat' dir='ltr'>et</span> <span class='ocrx_word' id='word_1_33' title='bbox 468 883 635 946; x_wconf 90' lang='lat' dir='ltr'>nunqnam</span> <span class='ocrx_word' id='word_1_34' title='bbox 665 859 749 924; x_wconf 82' lang='lat' dir='ltr'>alins</span> <span class='ocrx_word' id='word_1_35' title='bbox 778 859 913 924; x_wconf 79' lang='lat' dir='ltr'>clericus</span> <span class='ocrx_word' id='word_1_36' title='bbox 943 880 1040 944; x_wconf 89' lang='lat' dir='ltr'>qnam</span> <span class='ocrx_word' id='word_1_37' title='bbox 1071 859 1232 925; x_wconf 78' lang='lat' dir='ltr'>Osbertm</span> <span class='ocrx_word' id='word_1_38' title='bbox 1265 858 1306 924; x_wconf 79' lang='lat' dir='ltr'>itt</span> 
     </span>
     <span class='ocr_line' id='line_1_6' title="bbox 242 961 1306 1048; baseline -0.004 -17"><span class='ocrx_word' id='word_1_39' title='bbox 242 967 360 1032; x_wconf 84' lang='lat' dir='ltr'>tenuit.</span> <span class='ocrx_word' id='word_1_40' title='bbox 406 966 449 1030; x_wconf 86' lang='lat' dir='ltr'>Et</span> <span class='ocrx_word' id='word_1_41' title='bbox 472 964 629 1029; x_wconf 83' lang='lat' dir='ltr'>iuratores</span> <span class='ocrx_word' id='word_1_42' title='bbox 650 961 770 1048; x_wconf 62' lang='lat' dir='ltr'>‹ltreeiti</span> <span class='ocrx_word' id='word_1_43' title='bbox 794 961 820 1027; x_wconf 84' lang='lat' dir='ltr'>si</span> <span class='ocrx_word' id='word_1_44' title='bbox 844 961 915 1047; x_wconf 81' lang='lat' dir='ltr'>ipen</span> <span class='ocrx_word' id='word_1_45' title='bbox 937 963 1034 1025; x_wconf 81' lang='lat' dir='ltr'>Sarra</span> <span class='ocrx_word' id='word_1_46' title='bbox 1059 961 1113 1025; x_wconf 88' lang='lat' dir='ltr'>nel</span> <span class='ocrx_word' id='word_1_47' title='bbox 1140 976 1306 1027; x_wconf 62' lang='lat' dir='ltr'>anteum</span> 
     </span>
     <span class='ocr_line' id='line_1_7' title="bbox 243 1065 1306 1157; baseline -0.008 -20"><span class='ocrx_word' id='word_1_48' title='bbox 243 1073 294 1137; x_wconf 87' lang='lat' dir='ltr'>ani</span> <span class='ocrx_word' id='word_1_49' title='bbox 315 1071 456 1157; x_wconf 80' lang='lat' dir='ltr'>aliquem</span> <span class='ocrx_word' id='word_1_50' title='bbox 473 1069 624 1134; x_wconf 86' lang='lat' dir='ltr'>clericum</span> <span class='ocrx_word' id='word_1_51' title='bbox 645 1076 916 1153; x_wconf 84' lang='lat' dir='ltr'>presentauernnt</span> <span class='ocrx_word' id='word_1_52' title='bbox 936 1066 1001 1132; x_wconf 83' lang='lat' dir='ltr'>alio</span> <span class='ocrx_word' id='word_1_53' title='bbox 1021 1065 1126 1143; x_wconf 89' lang='lat' dir='ltr'>mode,</span> <span class='ocrx_word' id='word_1_54' title='bbox 1140 1066 1255 1131; x_wconf 82' lang='lat' dir='ltr'>dieunt</span> <span class='ocrx_word' id='word_1_55' title='bbox 1269 1088 1306 1153; x_wconf 86' lang='lat' dir='ltr'>qn</span> 
     </span>
     <span class='ocr_line' id='line_1_8' title="bbox 244 1169 1306 1257; baseline -0.006 -17"><span class='ocrx_word' id='word_1_56' title='bbox 244 1198 317 1250; x_wconf 90' lang='lat' dir='ltr'>non,</span> <span class='ocrx_word' id='word_1_57' title='bbox 339 1197 398 1238; x_wconf 87' lang='lat' dir='ltr'>nec</span> <span class='ocrx_word' id='word_1_58' title='bbox 420 1172 504 1236; x_wconf 83' lang='lat' dir='ltr'>alins</span> <span class='ocrx_word' id='word_1_59' title='bbox 526 1170 588 1235; x_wconf 81' lang='lat' dir='ltr'>nisi</span> <span class='ocrx_word' id='word_1_60' title='bbox 610 1182 829 1235; x_wconf 75' lang='lat' dir='ltr'>antecessores</span> <span class='ocrx_word' id='word_1_61' title='bbox 851 1169 996 1245; x_wconf 86' lang='lat' dir='ltr'>Roberti,</span> <span class='ocrx_word' id='word_1_62' title='bbox 1019 1193 1078 1234; x_wconf 87' lang='lat' dir='ltr'>nec</span> <span class='ocrx_word' id='word_1_63' title='bbox 1102 1182 1248 1256; x_wconf 82' lang='lat' dir='ltr'>tempore</span> <span class='ocrx_word' id='word_1_64' title='bbox 1269 1190 1306 1257; x_wconf 76' lang='lat' dir='ltr'>pn</span> 
     </span>
     <span class='ocr_line' id='line_1_9' title="bbox 244 1273 1306 1363; baseline -0.005 -20"><span class='ocrx_word' id='word_1_65' title='bbox 244 1302 303 1343; x_wconf 87' lang='lat' dir='ltr'>nee</span> <span class='ocrx_word' id='word_1_66' title='bbox 319 1292 463 1363; x_wconf 87' lang='lat' dir='ltr'>tempere</span> <span class='ocrx_word' id='word_1_67' title='bbox 478 1298 602 1363; x_wconf 80' lang='lat' dir='ltr'>guerre.</span> <span class='ocrx_word' id='word_1_68' title='bbox 642 1275 683 1339; x_wconf 87' lang='lat' dir='ltr'>Et</span> <span class='ocrx_word' id='word_1_69' title='bbox 697 1274 769 1339; x_wconf 89' lang='lat' dir='ltr'>ideo</span> <span class='ocrx_word' id='word_1_70' title='bbox 781 1274 1020 1340; x_wconf 84' lang='lat' dir='ltr'>consideratum</span> <span class='ocrx_word' id='word_1_71' title='bbox 1032 1273 1182 1359; x_wconf 77' lang='lat' dir='ltr'>estquod</span> <span class='ocrx_word' id='word_1_72' title='bbox 1196 1273 1306 1338; x_wconf 85' lang='lat' dir='ltr'>Robert</span> 
     </span>
     <span class='ocr_line' id='line_1_10' title="bbox 245 1375 1225 1467; baseline -0.006 -21"><span class='ocrx_word' id='word_1_73' title='bbox 245 1380 448 1467; x_wconf 87' lang='lat' dir='ltr'>recuperauit</span> <span class='ocrx_word' id='word_1_74' title='bbox 463 1378 614 1443; x_wconf 78' lang='lat' dir='ltr'>saisinam</span> <span class='ocrx_word' id='word_1_75' title='bbox 629 1399 721 1442; x_wconf 81' lang='lat' dir='ltr'>anam</span> <span class='ocrx_word' id='word_1_76' title='bbox 737 1389 771 1441; x_wconf 92' lang='lat' dir='ltr'>et</span> <span class='ocrx_word' id='word_1_77' title='bbox 788 1376 925 1441; x_wconf 78' lang='lat' dir='ltr'>Matillia</span> <span class='ocrx_word' id='word_1_78' title='bbox 939 1377 973 1441; x_wconf 92' lang='lat' dir='ltr'>in</span> <span class='ocrx_word' id='word_1_79' title='bbox 989 1375 1225 1441; x_wconf 75' lang='lat' dir='ltr'>misericoniia&#39;.</span> 
     </span>
    </p>

    <p class='ocr_par' dir='ltr' id='par_1_3' title="bbox 245 1480 1306 2478">
     <span class='ocr_line' id='line_1_11' title="bbox 311 1480 1306 1549; baseline -0.006 0"><span class='ocrx_word' id='word_1_80' title='bbox 311 1484 494 1549; x_wconf 86' lang='lat' dir='ltr'>Willelmns</span> <span class='ocrx_word' id='word_1_81' title='bbox 523 1483 675 1547; x_wconf 84' lang='lat' dir='ltr'>Decanns</span> <span class='ocrx_word' id='word_1_82' title='bbox 704 1481 871 1546; x_wconf 84' lang='lat' dir='ltr'>Lincoinie</span> <span class='ocrx_word' id='word_1_83' title='bbox 901 1481 1103 1547; x_wconf 84' lang='lat' dir='ltr'>attachiatua</span> <span class='ocrx_word' id='word_1_84' title='bbox 1133 1482 1195 1546; x_wconf 81' lang='lat' dir='ltr'>snit</span> <span class='ocrx_word' id='word_1_85' title='bbox 1228 1480 1269 1546; x_wconf 83' lang='lat' dir='ltr'>ad</span> <span class='ocrx_word' id='word_1_86' title='bbox 1304 1503 1306 1542; x_wconf 94' lang='lat'>:</span> 
     </span>
     <span class='ocr_line' id='line_1_12' title="bbox 245 1584 1306 1676; baseline -0.004 -23"><span class='ocrx_word' id='word_1_87' title='bbox 245 1587 469 1676; x_wconf 66' lang='lat' dir='ltr'>spondendum</span> <span class='ocrx_word' id='word_1_88' title='bbox 489 1586 613 1651; x_wconf 83' lang='lat' dir='ltr'>Thema</span> <span class='ocrx_word' id='word_1_89' title='bbox 634 1584 675 1649; x_wconf 92' lang='lat' dir='ltr'>de</span> <span class='ocrx_word' id='word_1_90' title='bbox 699 1586 844 1650; x_wconf 87' lang='lat' dir='ltr'>Curtona</span> <span class='ocrx_word' id='word_1_91' title='bbox 864 1607 963 1671; x_wconf 87' lang='lat' dir='ltr'>qnare</span> <span class='ocrx_word' id='word_1_92' title='bbox 984 1594 1117 1649; x_wconf 69' lang='lat' dir='ltr'>secutae</span> <span class='ocrx_word' id='word_1_93' title='bbox 1132 1597 1183 1651; x_wconf 79' lang='lat' dir='ltr'>est</span> <span class='ocrx_word' id='word_1_94' title='bbox 1199 1586 1306 1672; x_wconf 77' lang='lat' dir='ltr'>placite</span> 
     </span>
     <span class='ocr_line' id='line_1_13' title="bbox 247 1689 1306 1777; baseline -0.001 -19"><span class='ocrx_word' id='word_1_95' title='bbox 247 1694 280 1758; x_wconf 91' lang='lat' dir='ltr'>in</span> <span class='ocrx_word' id='word_1_96' title='bbox 296 1693 386 1757; x_wconf 86' lang='lat' dir='ltr'>curia</span> <span class='ocrx_word' id='word_1_97' title='bbox 400 1690 624 1756; x_wconf 77' lang='lat' dir='ltr'>cristianitatis</span> <span class='ocrx_word' id='word_1_98' title='bbox 638 1689 679 1754; x_wconf 91' lang='lat' dir='ltr'>de</span> <span class='ocrx_word' id='word_1_99' title='bbox 696 1690 776 1754; x_wconf 89' lang='lat' dir='ltr'>laico</span> <span class='ocrx_word' id='word_1_100' title='bbox 792 1689 884 1755; x_wconf 78' lang='lat' dir='ltr'>feodo</span> <span class='ocrx_word' id='word_1_101' title='bbox 899 1691 1001 1777; x_wconf 85' lang='lat' dir='ltr'>ipaiua</span> <span class='ocrx_word' id='word_1_102' title='bbox 1015 1690 1139 1756; x_wconf 83' lang='lat' dir='ltr'>Therae</span> <span class='ocrx_word' id='word_1_103' title='bbox 1156 1692 1189 1756; x_wconf 91' lang='lat' dir='ltr'>in</span> <span class='ocrx_word' id='word_1_104' title='bbox 1208 1692 1306 1757; x_wconf 71' lang='lat' dir='ltr'>lintei</span> 
     </span>
     <span class='ocr_line' id='line_1_14' title="bbox 247 1792 1306 1882; baseline -0.001 -22"><span class='ocrx_word' id='word_1_105' title='bbox 247 1806 325 1861; x_wconf 91' lang='lat' dir='ltr'>tona</span> <span class='ocrx_word' id='word_1_106' title='bbox 340 1805 452 1860; x_wconf 89' lang='lat' dir='ltr'>contra</span> <span class='ocrx_word' id='word_1_107' title='bbox 466 1793 719 1880; x_wconf 78' lang='lat' dir='ltr'>prohibicionem</span> <span class='ocrx_word' id='word_1_108' title='bbox 742 1803 803 1857; x_wconf 90' lang='lat' dir='ltr'>etc.</span> <span class='ocrx_word' id='word_1_109' title='bbox 826 1792 913 1857; x_wconf 89' lang='lat' dir='ltr'>unde</span> <span class='ocrx_word' id='word_1_110' title='bbox 936 1793 1022 1857; x_wconf 88' lang='lat' dir='ltr'>idem</span> <span class='ocrx_word' id='word_1_111' title='bbox 1044 1794 1188 1859; x_wconf 74' lang='lat' dir='ltr'>Thomas</span> <span class='ocrx_word' id='word_1_112' title='bbox 1207 1795 1306 1882; x_wconf 83' lang='lat' dir='ltr'>qnerit</span> 
     </span>
     <span class='ocr_line' id='line_1_15' title="bbox 246 1895 1306 1984; baseline 0 -23"><span class='ocrx_word' id='word_1_113' title='bbox 246 1897 332 1984; x_wconf 84' lang='lat' dir='ltr'>qnod</span> <span class='ocrx_word' id='word_1_114' title='bbox 354 1897 411 1961; x_wconf 92' lang='lat' dir='ltr'>nbi</span> <span class='ocrx_word' id='word_1_115' title='bbox 434 1895 544 1960; x_wconf 90' lang='lat' dir='ltr'>aueria</span> <span class='ocrx_word' id='word_1_116' title='bbox 566 1895 667 1981; x_wconf 82' lang='lat' dir='ltr'>ipsius</span> <span class='ocrx_word' id='word_1_117' title='bbox 683 1895 806 1960; x_wconf 70' lang='lat' dir='ltr'>Dccani</span> <span class='ocrx_word' id='word_1_118' title='bbox 822 1897 960 1961; x_wconf 86' lang='lat' dir='ltr'>ueniunt</span> <span class='ocrx_word' id='word_1_119' title='bbox 976 1896 1009 1961; x_wconf 92' lang='lat' dir='ltr'>in</span> <span class='ocrx_word' id='word_1_120' title='bbox 1022 1896 1104 1961; x_wconf 84' lang='lat' dir='ltr'>laice</span> <span class='ocrx_word' id='word_1_121' title='bbox 1120 1897 1212 1962; x_wconf 73' lang='lat' dir='ltr'>sado</span> <span class='ocrx_word' id='word_1_122' title='bbox 1225 1920 1306 1961; x_wconf 77' lang='lat' dir='ltr'>mer</span> 
     </span>
     <span class='ocr_line' id='line_1_16' title="bbox 246 1996 1286 2064; baseline -0.001 0"><span class='ocrx_word' id='word_1_123' title='bbox 246 2000 369 2064; x_wconf 84' lang='lat' dir='ltr'>nnllam</span> <span class='ocrx_word' id='word_1_124' title='bbox 398 2020 603 2063; x_wconf 90' lang='lat' dir='ltr'>communam</span> <span class='ocrx_word' id='word_1_125' title='bbox 634 1996 733 2062; x_wconf 89' lang='lat' dir='ltr'>habet</span> <span class='ocrx_word' id='word_1_126' title='bbox 763 2021 821 2063; x_wconf 91' lang='lat' dir='ltr'>nec</span> <span class='ocrx_word' id='word_1_127' title='bbox 851 1998 892 2063; x_wconf 93' lang='lat' dir='ltr'>de</span> <span class='ocrx_word' id='word_1_128' title='bbox 922 1998 992 2063; x_wconf 88' lang='lat' dir='ltr'>inre</span> <span class='ocrx_word' id='word_1_129' title='bbox 1024 1999 1136 2063; x_wconf 86' lang='lat' dir='ltr'>uenire</span> <span class='ocrx_word' id='word_1_130' title='bbox 1165 1999 1286 2064; x_wconf 87' lang='lat' dir='ltr'>debent</span> 
     </span>
     <span class='ocr_line' id='line_1_17' title="bbox 246 2101 1306 2189; baseline 0.001 -21"><span class='ocrx_word' id='word_1_131' title='bbox 246 2102 423 2168; x_wconf 78' lang='lat' dir='ltr'>secundnm</span> <span class='ocrx_word' id='word_1_132' title='bbox 447 2101 537 2188; x_wconf 80' lang='lat' dir='ltr'>regni</span> <span class='ocrx_word' id='word_1_133' title='bbox 559 2101 827 2167; x_wconf 81' lang='lat' dir='ltr'>consuetudinem</span> <span class='ocrx_word' id='word_1_134' title='bbox 849 2124 889 2167; x_wconf 88' lang='lat' dir='ltr'>ea</span> <span class='ocrx_word' id='word_1_135' title='bbox 916 2103 992 2168; x_wconf 81' lang='lat' dir='ltr'>facit</span> <span class='ocrx_word' id='word_1_136' title='bbox 1023 2103 1201 2189; x_wconf 80' lang='lat' dir='ltr'>inpamare,</span> <span class='ocrx_word' id='word_1_137' title='bbox 1228 2104 1270 2169; x_wconf 84' lang='lat' dir='ltr'>de</span> <span class='ocrx_word' id='word_1_138' title='bbox 1297 2103 1306 2169; x_wconf 90' lang='lat' dir='ltr'>i</span> 
     </span>
     <span class='ocr_line' id='line_1_18' title="bbox 246 2203 1284 2292; baseline 0.002 -22"><span class='ocrx_word' id='word_1_139' title='bbox 246 2205 467 2292; x_wconf 83' lang='lat' dir='ltr'>inparcacione</span> <span class='ocrx_word' id='word_1_140' title='bbox 498 2205 547 2268; x_wconf 91' lang='lat' dir='ltr'>ita</span> <span class='ocrx_word' id='word_1_141' title='bbox 576 2204 609 2267; x_wconf 91' lang='lat' dir='ltr'>in</span> <span class='ocrx_word' id='word_1_142' title='bbox 640 2203 720 2267; x_wconf 87' lang='lat' dir='ltr'>laico</span> <span class='ocrx_word' id='word_1_143' title='bbox 750 2205 842 2269; x_wconf 80' lang='lat' dir='ltr'>feodo</span> <span class='ocrx_word' id='word_1_144' title='bbox 871 2228 930 2269; x_wconf 83' lang='lat' dir='ltr'>auo</span> <span class='ocrx_word' id='word_1_145' title='bbox 960 2207 1046 2270; x_wconf 82' lang='lat' dir='ltr'>sacta</span> <span class='ocrx_word' id='word_1_146' title='bbox 1076 2207 1179 2271; x_wconf 86' lang='lat' dir='ltr'>trahit</span> <span class='ocrx_word' id='word_1_147' title='bbox 1208 2230 1284 2272; x_wconf 85' lang='lat' dir='ltr'>enm</span> 
     </span>
     <span class='ocr_line' id='line_1_19' title="bbox 247 2308 1306 2397; baseline 0.004 -26"><span class='ocrx_word' id='word_1_148' title='bbox 247 2310 404 2396; x_wconf 84' lang='lat' dir='ltr'>placitum</span> <span class='ocrx_word' id='word_1_149' title='bbox 434 2318 469 2371; x_wconf 94' lang='lat' dir='ltr'>et</span> <span class='ocrx_word' id='word_1_150' title='bbox 499 2308 599 2372; x_wconf 77' lang='lat' dir='ltr'>traxit</span> <span class='ocrx_word' id='word_1_151' title='bbox 630 2320 702 2393; x_wconf 83' lang='lat' dir='ltr'>post</span> <span class='ocrx_word' id='word_1_152' title='bbox 732 2309 985 2395; x_wconf 86' lang='lat' dir='ltr'>prohibicionem</span> <span class='ocrx_word' id='word_1_153' title='bbox 1023 2323 1057 2374; x_wconf 91' lang='lat' dir='ltr'>et</span> <span class='ocrx_word' id='word_1_154' title='bbox 1096 2310 1172 2376; x_wconf 92' lang='lat' dir='ltr'>inde</span> <span class='ocrx_word' id='word_1_155' title='bbox 1209 2309 1306 2397; x_wconf 78' lang='lat' dir='ltr'>produ</span> 
     </span>
     <span class='ocr_line' id='line_1_20' title="bbox 246 2412 674 2478; baseline 0.002 -1"><span class='ocrx_word' id='word_1_156' title='bbox 246 2426 366 2477; x_wconf 78' lang='lat' dir='ltr'>sectam</span> <span class='ocrx_word' id='word_1_157' title='bbox 383 2412 597 2477; x_wconf 81' lang='lat' dir='ltr'>sufficientem</span> <span class='ocrx_word' id='word_1_158' title='bbox 613 2428 674 2478; x_wconf 86' lang='lat' dir='ltr'>etc.</span> 
     </span>
    </p>

    <p class='ocr_par' dir='ltr' id='par_1_4' title="bbox 244 2517 1306 3535">
     <span class='ocr_line' id='line_1_21' title="bbox 312 2517 1306 2603; baseline 0.005 -21"><span class='ocrx_word' id='word_1_159' title='bbox 312 2518 355 2582; x_wconf 82' lang='lat' dir='ltr'>Et</span> <span class='ocrx_word' id='word_1_160' title='bbox 372 2517 522 2582; x_wconf 79' lang='lat' dir='ltr'>Decanns</span> <span class='ocrx_word' id='word_1_161' title='bbox 538 2540 597 2603; x_wconf 83' lang='lat' dir='ltr'>per</span> <span class='ocrx_word' id='word_1_162' title='bbox 610 2529 812 2583; x_wconf 88' lang='lat' dir='ltr'>attomatnm</span> <span class='ocrx_word' id='word_1_163' title='bbox 828 2542 924 2585; x_wconf 82' lang='lat' dir='ltr'>annm</span> <span class='ocrx_word' id='word_1_164' title='bbox 937 2521 1029 2584; x_wconf 90' lang='lat' dir='ltr'>nenit</span> <span class='ocrx_word' id='word_1_165' title='bbox 1041 2530 1077 2585; x_wconf 92' lang='lat' dir='ltr'>et</span> <span class='ocrx_word' id='word_1_166' title='bbox 1087 2519 1234 2586; x_wconf 80' lang='lat' dir='ltr'>defendit</span> <span class='ocrx_word' id='word_1_167' title='bbox 1245 2540 1306 2587; x_wconf 73' lang='lat' dir='ltr'>coa*</span> 
     </span>
     <span class='ocr_line' id='line_1_22' title="bbox 246 2622 1294 2710; baseline 0.004 -24"><span class='ocrx_word' id='word_1_168' title='bbox 246 2644 321 2686; x_wconf 90' lang='lat' dir='ltr'>enm</span> <span class='ocrx_word' id='word_1_169' title='bbox 345 2634 380 2685; x_wconf 90' lang='lat' dir='ltr'>et</span> <span class='ocrx_word' id='word_1_170' title='bbox 401 2634 513 2685; x_wconf 88' lang='lat' dir='ltr'>contra</span> <span class='ocrx_word' id='word_1_171' title='bbox 535 2632 656 2686; x_wconf 77' lang='lat' dir='ltr'>nectam</span> <span class='ocrx_word' id='word_1_172' title='bbox 680 2645 771 2687; x_wconf 83' lang='lat' dir='ltr'>anam</span> <span class='ocrx_word' id='word_1_173' title='bbox 794 2622 881 2707; x_wconf 74' lang='lat' dir='ltr'>qumi</span> <span class='ocrx_word' id='word_1_174' title='bbox 904 2646 1071 2710; x_wconf 86' lang='lat' dir='ltr'>nunqnam</span> <span class='ocrx_word' id='word_1_175' title='bbox 1095 2624 1198 2689; x_wconf 82' lang='lat' dir='ltr'>traxit</span> <span class='ocrx_word' id='word_1_176' title='bbox 1219 2646 1294 2690; x_wconf 82' lang='lat' dir='ltr'>enm</span> 
     </span>
     <span class='ocr_line' id='line_1_23' title="bbox 245 2723 1306 2812; baseline 0.003 -22"><span class='ocrx_word' id='word_1_177' title='bbox 245 2726 402 2812; x_wconf 84' lang='lat' dir='ltr'>placitum</span> <span class='ocrx_word' id='word_1_178' title='bbox 418 2724 459 2788; x_wconf 88' lang='lat' dir='ltr'>de</span> <span class='ocrx_word' id='word_1_179' title='bbox 474 2724 582 2810; x_wconf 82' lang='lat' dir='ltr'>aliquo</span> <span class='ocrx_word' id='word_1_180' title='bbox 599 2723 679 2789; x_wconf 87' lang='lat' dir='ltr'>laico</span> <span class='ocrx_word' id='word_1_181' title='bbox 695 2724 787 2789; x_wconf 74' lang='lat' dir='ltr'>sectio</span> <span class='ocrx_word' id='word_1_182' title='bbox 802 2748 861 2789; x_wconf 91' lang='lat' dir='ltr'>nec</span> <span class='ocrx_word' id='word_1_183' title='bbox 876 2726 917 2790; x_wconf 89' lang='lat' dir='ltr'>de</span> <span class='ocrx_word' id='word_1_184' title='bbox 932 2726 1155 2812; x_wconf 81' lang='lat' dir='ltr'>inpareaeione</span> <span class='ocrx_word' id='word_1_185' title='bbox 1170 2728 1306 2793; x_wconf 80' lang='lat' dir='ltr'>anerion</span> 
     </span>
     <span class='ocr_line' id='line_1_24' title="bbox 246 2827 1306 2900; baseline 0.002 -6"><span class='ocrx_word' id='word_1_186' title='bbox 246 2832 331 2895; x_wconf 81' lang='lat' dir='ltr'>sacta</span> <span class='ocrx_word' id='word_1_187' title='bbox 353 2829 386 2893; x_wconf 95' lang='lat' dir='ltr'>in</span> <span class='ocrx_word' id='word_1_188' title='bbox 410 2827 502 2892; x_wconf 69' lang='lat' dir='ltr'>fado</span> <span class='ocrx_word' id='word_1_189' title='bbox 523 2827 564 2892; x_wconf 91' lang='lat' dir='ltr'>de</span> <span class='ocrx_word' id='word_1_190' title='bbox 581 2827 802 2900; x_wconf 76' lang='lat' dir='ltr'>Ketelestona,</span> <span class='ocrx_word' id='word_1_191' title='bbox 816 2842 867 2893; x_wconf 80' lang='lat' dir='ltr'>aet</span> <span class='ocrx_word' id='word_1_192' title='bbox 882 2852 996 2894; x_wconf 78' lang='lat' dir='ltr'>uemm</span> <span class='ocrx_word' id='word_1_193' title='bbox 1013 2830 1084 2894; x_wconf 88' lang='lat' dir='ltr'>nult</span> <span class='ocrx_word' id='word_1_194' title='bbox 1103 2829 1218 2895; x_wconf 84' lang='lat' dir='ltr'>dicere.</span> <span class='ocrx_word' id='word_1_195' title='bbox 1263 2830 1306 2896; x_wconf 82' lang='lat' dir='ltr'>ld</span> 
     </span>
     <span class='ocr_line' id='line_1_25' title="bbox 245 2931 1306 3017; baseline 0.001 -19"><span class='ocrx_word' id='word_1_196' title='bbox 245 2933 386 2998; x_wconf 80' lang='lat' dir='ltr'>Thomas</span> <span class='ocrx_word' id='word_1_197' title='bbox 400 2931 582 3017; x_wconf 84' lang='lat' dir='ltr'>inparcanit</span> <span class='ocrx_word' id='word_1_198' title='bbox 593 2932 704 2995; x_wconf 77' lang='lat' dir='ltr'>arwria</span> <span class='ocrx_word' id='word_1_199' title='bbox 716 2954 774 2994; x_wconf 84' lang='lat' dir='ltr'>aua</span> <span class='ocrx_word' id='word_1_200' title='bbox 785 2931 825 2996; x_wconf 92' lang='lat' dir='ltr'>de</span> <span class='ocrx_word' id='word_1_201' title='bbox 837 2931 1014 2997; x_wconf 80' lang='lat' dir='ltr'>eiemonina</span> <span class='ocrx_word' id='word_1_202' title='bbox 1024 2954 1085 2997; x_wconf 83' lang='lat' dir='ltr'>ana</span> <span class='ocrx_word' id='word_1_203' title='bbox 1095 2933 1129 2997; x_wconf 92' lang='lat' dir='ltr'>in</span> <span class='ocrx_word' id='word_1_204' title='bbox 1139 2932 1306 3014; x_wconf 84' lang='lat' dir='ltr'>Querendn</span> 
     </span>
     <span class='ocr_line' id='line_1_26' title="bbox 245 3031 1306 3122; baseline 0.002 -25"><span class='ocrx_word' id='word_1_205' title='bbox 245 3034 302 3099; x_wconf 91' lang='lat' dir='ltr'>nbi</span> <span class='ocrx_word' id='word_1_206' title='bbox 318 3033 457 3098; x_wconf 77' lang='lat' dir='ltr'>Thomas</span> <span class='ocrx_word' id='word_1_207' title='bbox 473 3031 570 3095; x_wconf 86' lang='lat' dir='ltr'>nichil</span> <span class='ocrx_word' id='word_1_208' title='bbox 588 3031 686 3095; x_wconf 89' lang='lat' dir='ltr'>habet</span> <span class='ocrx_word' id='word_1_209' title='bbox 708 3055 765 3095; x_wconf 75' lang='lat' dir='ltr'>nec</span> <span class='ocrx_word' id='word_1_210' title='bbox 786 3055 990 3097; x_wconf 79' lang='lat' dir='ltr'>conmmnarn</span> <span class='ocrx_word' id='word_1_211' title='bbox 1012 3055 1071 3097; x_wconf 90' lang='lat' dir='ltr'>nec</span> <span class='ocrx_word' id='word_1_212' title='bbox 1092 3033 1192 3107; x_wconf 84' lang='lat' dir='ltr'>alind,</span> <span class='ocrx_word' id='word_1_213' title='bbox 1212 3049 1246 3099; x_wconf 89' lang='lat' dir='ltr'>et</span> <span class='ocrx_word' id='word_1_214' title='bbox 1269 3056 1306 3122; x_wconf 77' lang='lat' dir='ltr'>qe</span> 
     </span>
     <span class='ocr_line' id='line_1_27' title="bbox 244 3135 1306 3222; baseline 0.003 -22"><span class='ocrx_word' id='word_1_215' title='bbox 244 3135 309 3201; x_wconf 91' lang='lat' dir='ltr'>alio</span> <span class='ocrx_word' id='word_1_216' title='bbox 324 3135 418 3200; x_wconf 70' lang='lat' dir='ltr'>nimio</span> <span class='ocrx_word' id='word_1_217' title='bbox 434 3158 498 3198; x_wconf 94' lang='lat' dir='ltr'>non</span> <span class='ocrx_word' id='word_1_218' title='bbox 515 3135 615 3199; x_wconf 81' lang='lat' dir='ltr'>traxit</span> <span class='ocrx_word' id='word_1_219' title='bbox 630 3158 705 3199; x_wconf 90' lang='lat' dir='ltr'>enm</span> <span class='ocrx_word' id='word_1_220' title='bbox 722 3136 755 3200; x_wconf 90' lang='lat' dir='ltr'>in</span> <span class='ocrx_word' id='word_1_221' title='bbox 778 3136 935 3222; x_wconf 87' lang='lat' dir='ltr'>placitum</span> <span class='ocrx_word' id='word_1_222' title='bbox 958 3136 1053 3200; x_wconf 80' lang='lat' dir='ltr'>offert</span> <span class='ocrx_word' id='word_1_223' title='bbox 1075 3136 1249 3203; x_wconf 77' lang='lat' dir='ltr'>defendere</span> <span class='ocrx_word' id='word_1_224' title='bbox 1270 3136 1306 3203; x_wconf 74' lang='lat' dir='ltr'>tir</span> 
     </span>
     <span class='ocr_line' id='line_1_28' title="bbox 245 3238 1294 3326; baseline 0.003 -22"><span class='ocrx_word' id='word_1_225' title='bbox 245 3240 335 3305; x_wconf 87' lang='lat' dir='ltr'>curia</span> <span class='ocrx_word' id='word_1_226' title='bbox 348 3238 608 3311; x_wconf 73' lang='lat' dir='ltr'>considerarem,</span> <span class='ocrx_word' id='word_1_227' title='bbox 624 3252 657 3303; x_wconf 90' lang='lat' dir='ltr'>et</span> <span class='ocrx_word' id='word_1_228' title='bbox 673 3239 753 3304; x_wconf 86' lang='lat' dir='ltr'>dicit</span> <span class='ocrx_word' id='word_1_229' title='bbox 775 3239 860 3326; x_wconf 84' lang='lat' dir='ltr'>qnod</span> <span class='ocrx_word' id='word_1_230' title='bbox 884 3240 983 3306; x_wconf 85' lang='lat' dir='ltr'>nichil</span> <span class='ocrx_word' id='word_1_231' title='bbox 1006 3241 1128 3307; x_wconf 85' lang='lat' dir='ltr'>clamat</span> <span class='ocrx_word' id='word_1_232' title='bbox 1150 3243 1183 3307; x_wconf 90' lang='lat' dir='ltr'>in</span> <span class='ocrx_word' id='word_1_233' title='bbox 1207 3256 1294 3307; x_wconf 80' lang='lat' dir='ltr'>tem</span> 
     </span>
     <span class='ocr_line' id='line_1_29' title="bbox 248 3343 1306 3431; baseline 0.004 -23"><span class='ocrx_word' id='word_1_234' title='bbox 248 3344 461 3409; x_wconf 83' lang='lat' dir='ltr'>Keteleatona</span> <span class='ocrx_word' id='word_1_235' title='bbox 483 3356 519 3409; x_wconf 90' lang='lat' dir='ltr'>et</span> <span class='ocrx_word' id='word_1_236' title='bbox 543 3344 690 3431; x_wconf 85' lang='lat' dir='ltr'>producit</span> <span class='ocrx_word' id='word_1_237' title='bbox 716 3356 838 3409; x_wconf 73' lang='lat' dir='ltr'>nectam</span> <span class='ocrx_word' id='word_1_238' title='bbox 865 3343 952 3429; x_wconf 87' lang='lat' dir='ltr'>qnod</span> <span class='ocrx_word' id='word_1_239' title='bbox 978 3343 1019 3409; x_wconf 88' lang='lat' dir='ltr'>de</span> <span class='ocrx_word' id='word_1_240' title='bbox 1046 3343 1106 3410; x_wconf 87' lang='lat' dir='ltr'>hoc</span> <span class='ocrx_word' id='word_1_241' title='bbox 1132 3345 1306 3412; x_wconf 72' lang='lat' dir='ltr'>aecntmi</span> 
     </span>
     <span class='ocr_line' id='line_1_30' title="bbox 246 3448 795 3535; baseline -0.002 -23"><span class='ocrx_word' id='word_1_242' title='bbox 246 3448 402 3535; x_wconf 85' lang='lat' dir='ltr'>placitum</span> <span class='ocrx_word' id='word_1_243' title='bbox 418 3458 452 3512; x_wconf 91' lang='lat' dir='ltr'>et</span> <span class='ocrx_word' id='word_1_244' title='bbox 468 3471 532 3513; x_wconf 90' lang='lat' dir='ltr'>non</span> <span class='ocrx_word' id='word_1_245' title='bbox 547 3448 588 3513; x_wconf 92' lang='lat' dir='ltr'>de</span> <span class='ocrx_word' id='word_1_246' title='bbox 603 3449 676 3513; x_wconf 80' lang='lat' dir='ltr'>aliia</span> <span class='ocrx_word' id='word_1_247' title='bbox 691 3449 795 3513; x_wconf 83' lang='lat' dir='ltr'>rebus.</span> 
     </span>
    </p>

    <p class='ocr_par' dir='ltr' id='par_1_5' title="bbox 246 3552 1306 4032">
     <span class='ocr_line' id='line_1_31' title="bbox 312 3552 1306 3640; baseline 0.004 -24"><span class='ocrx_word' id='word_1_248' title='bbox 312 3552 390 3616; x_wconf 75' lang='lat' dir='ltr'>Dies</span> <span class='ocrx_word' id='word_1_249' title='bbox 412 3552 509 3618; x_wconf 79' lang='lat' dir='ltr'>datur</span> <span class='ocrx_word' id='word_1_250' title='bbox 531 3564 579 3617; x_wconf 87' lang='lat' dir='ltr'>est</span> <span class='ocrx_word' id='word_1_251' title='bbox 603 3554 651 3618; x_wconf 78' lang='lat' dir='ltr'>ein</span> <span class='ocrx_word' id='word_1_252' title='bbox 672 3567 732 3617; x_wconf 88' lang='lat' dir='ltr'>ete.</span> <span class='ocrx_word' id='word_1_253' title='bbox 758 3576 850 3639; x_wconf 82' lang='lat' dir='ltr'>prece</span> <span class='ocrx_word' id='word_1_254' title='bbox 873 3553 1017 3640; x_wconf 87' lang='lat' dir='ltr'>parcium</span> <span class='ocrx_word' id='word_1_255' title='bbox 1034 3567 1068 3617; x_wconf 92' lang='lat' dir='ltr'>et</span> <span class='ocrx_word' id='word_1_256' title='bbox 1084 3553 1208 3619; x_wconf 72' lang='lat' dir='ltr'>indices</span> <span class='ocrx_word' id='word_1_257' title='bbox 1222 3555 1306 3620; x_wconf 75' lang='lat' dir='ltr'>intes</span> 
     </span>
     <span class='ocr_line' id='line_1_32' title="bbox 246 3656 1306 3743; baseline 0.003 -22"><span class='ocrx_word' id='word_1_258' title='bbox 246 3668 435 3721; x_wconf 87' lang='lat' dir='ltr'>remaneant</span> <span class='ocrx_word' id='word_1_259' title='bbox 459 3657 546 3721; x_wconf 84' lang='lat' dir='ltr'>dorni</span> <span class='ocrx_word' id='word_1_260' title='bbox 570 3669 603 3721; x_wconf 87' lang='lat' dir='ltr'>et</span> <span class='ocrx_word' id='word_1_261' title='bbox 629 3656 828 3743; x_wconf 81' lang='lat' dir='ltr'>pmhibitmn</span> <span class='ocrx_word' id='word_1_262' title='bbox 854 3669 903 3720; x_wconf 87' lang='lat' dir='ltr'>eat</span> <span class='ocrx_word' id='word_1_263' title='bbox 928 3657 975 3721; x_wconf 82' lang='lat' dir='ltr'>eia</span> <span class='ocrx_word' id='word_1_264' title='bbox 999 3680 1040 3720; x_wconf 92' lang='lat' dir='ltr'>ne</span> <span class='ocrx_word' id='word_1_265' title='bbox 1067 3657 1198 3723; x_wconf 88' lang='lat' dir='ltr'>interim</span> <span class='ocrx_word' id='word_1_266' title='bbox 1223 3674 1306 3724; x_wconf 72' lang='lat' dir='ltr'>tenu</span> 
     </span>
     <span class='ocr_line' id='line_1_33' title="bbox 246 3760 1306 3848; baseline -0.001 -24"><span class='ocrx_word' id='word_1_267' title='bbox 246 3760 410 3846; x_wconf 79' lang='lat' dir='ltr'>placitam.</span> <span class='ocrx_word' id='word_1_268' title='bbox 456 3760 508 3825; x_wconf 75' lang='lat' dir='ltr'>Ad</span> <span class='ocrx_word' id='word_1_269' title='bbox 523 3760 610 3825; x_wconf 87' lang='lat' dir='ltr'>diem</span> <span class='ocrx_word' id='word_1_270' title='bbox 626 3761 718 3826; x_wconf 87' lang='lat' dir='ltr'>illum</span> <span class='ocrx_word' id='word_1_271' title='bbox 734 3760 972 3825; x_wconf 78' lang='lat' dir='ltr'>consideratum</span> <span class='ocrx_word' id='word_1_272' title='bbox 994 3774 1045 3825; x_wconf 84' lang='lat' dir='ltr'>eat</span> <span class='ocrx_word' id='word_1_273' title='bbox 1064 3761 1151 3848; x_wconf 87' lang='lat' dir='ltr'>qnod</span> <span class='ocrx_word' id='word_1_274' title='bbox 1171 3776 1306 3828; x_wconf 73' lang='lat' dir='ltr'>attornet</span> 
     </span>
     <span class='ocr_line' id='line_1_34' title="bbox 246 3862 1306 3951; baseline 0.002 -25"><span class='ocrx_word' id='word_1_275' title='bbox 246 3862 368 3927; x_wconf 62' lang='lat' dir='ltr'>lncani</span> <span class='ocrx_word' id='word_1_276' title='bbox 398 3862 551 3927; x_wconf 78' lang='lat' dir='ltr'>defendat</span> <span class='ocrx_word' id='word_1_277' title='bbox 581 3888 614 3927; x_wconf 86' lang='lat' dir='ltr'>ae</span> <span class='ocrx_word' id='word_1_278' title='bbox 645 3865 699 3949; x_wconf 77' lang='lat' dir='ltr'>xij.</span> <span class='ocrx_word' id='word_1_279' title='bbox 729 3886 827 3928; x_wconf 88' lang='lat' dir='ltr'>mann</span> <span class='ocrx_word' id='word_1_280' title='bbox 858 3876 893 3928; x_wconf 92' lang='lat' dir='ltr'>et</span> <span class='ocrx_word' id='word_1_281' title='bbox 923 3863 1035 3929; x_wconf 83' lang='lat' dir='ltr'>ueniat</span> <span class='ocrx_word' id='word_1_282' title='bbox 1061 3887 1136 3930; x_wconf 79' lang='lat' dir='ltr'>enin</span> <span class='ocrx_word' id='word_1_283' title='bbox 1165 3865 1237 3951; x_wconf 75' lang='lat' dir='ltr'>lege</span> <span class='ocrx_word' id='word_1_284' title='bbox 1258 3888 1306 3931; x_wconf 72' lang='lat' dir='ltr'>a«</span> 
     </span>
     <span class='ocr_line' id='line_1_35' title="bbox 246 3966 505 4032; baseline -0.008 0"><span class='ocrx_word' id='word_1_285' title='bbox 246 3970 277 4032; x_wconf 77' lang='lat' dir='ltr'>S.</span> <span class='ocrx_word' id='word_1_286' title='bbox 296 3966 428 4031; x_wconf 80' lang='lat' dir='ltr'>Martini</span> <span class='ocrx_word' id='word_1_287' title='bbox 445 3980 505 4031; x_wconf 88' lang='lat' dir='ltr'>ete.</span> 
     </span>
    </p>

    <p class='ocr_par' dir='ltr' id='par_1_6' title="bbox 114 4069 1306 4263">
     <span class='ocr_line' id='line_1_36' title="bbox 114 4069 1306 4159; baseline 0.008 -25"><span class='ocrx_word' id='word_1_288' title='bbox 114 4083 204 4149; x_wconf 65' lang='lat'>1074,</span> <span class='ocrx_word' id='word_1_289' title='bbox 311 4069 447 4134; x_wconf 79' lang='lat' dir='ltr'>Brianna</span> <span class='ocrx_word' id='word_1_290' title='bbox 469 4071 555 4134; x_wconf 82' lang='lat' dir='ltr'>titinn</span> <span class='ocrx_word' id='word_1_291' title='bbox 579 4070 665 4135; x_wconf 84' lang='lat' dir='ltr'>Petri</span> <span class='ocrx_word' id='word_1_292' title='bbox 690 4071 773 4158; x_wconf 84' lang='lat' dir='ltr'>petit</span> <span class='ocrx_word' id='word_1_293' title='bbox 797 4094 910 4136; x_wconf 75' lang='lat' dir='ltr'>nerana</span> <span class='ocrx_word' id='word_1_294' title='bbox 933 4073 1108 4159; x_wconf 77' lang='lat' dir='ltr'>Hngonem</span> <span class='ocrx_word' id='word_1_295' title='bbox 1134 4074 1237 4141; x_wconf 84' lang='lat' dir='ltr'>tilium</span> <span class='ocrx_word' id='word_1_296' title='bbox 1264 4075 1306 4143; x_wconf 79' lang='lat' dir='ltr'>Pe</span> 
     </span>
     <span class='ocr_line' id='line_1_37' title="bbox 125 4174 1306 4263; baseline 0.007 -26"><span class='ocrx_word' id='word_1_297' title='bbox 125 4183 189 4223; x_wconf 72' lang='grc' dir='ltr'>Μ-</span> <span class='ocrx_word' id='word_1_298' title='bbox 246 4174 377 4239; x_wconf 80' lang='lat' dir='ltr'>terciam</span> <span class='ocrx_word' id='word_1_299' title='bbox 402 4188 526 4260; x_wconf 59' lang='lat' dir='ltr'>lartem</span> <span class='ocrx_word' id='word_1_300' title='bbox 551 4174 591 4238; x_wconf 85' lang='lat' dir='ltr'>xl.</span> <span class='ocrx_word' id='word_1_301' title='bbox 614 4198 675 4241; x_wconf 82' lang='lat' dir='ltr'>aer.</span> <span class='ocrx_word' id='word_1_302' title='bbox 699 4188 783 4240; x_wconf 86' lang='lat' dir='ltr'>terne</span> <span class='ocrx_word' id='word_1_303' title='bbox 805 4199 879 4240; x_wconf 89' lang='lat' dir='ltr'>cnm</span> <span class='ocrx_word' id='word_1_304' title='bbox 904 4192 983 4263; x_wconf 79' lang='lat' dir='ltr'>pert.</span> <span class='ocrx_word' id='word_1_305' title='bbox 1008 4178 1041 4243; x_wconf 93' lang='lat' dir='ltr'>in</span> <span class='ocrx_word' id='word_1_306' title='bbox 1066 4179 1213 4245; x_wconf 67' lang='lat' dir='ltr'>licebant</span> <span class='ocrx_word' id='word_1_307' title='bbox 1236 4195 1274 4245; x_wconf 87' lang='lat' dir='ltr'>nt</span> <span class='ocrx_word' id='word_1_308' title='bbox 1302 4181 1306 4246; x_wconf 84' lang='lat' dir='ltr'>i</span> 
     </span>
    </p>
   </div>
   <div class='ocr_carea' id='block_1_3' title="bbox 244 4279 1293 4474">
    <p class='ocr_par' dir='ltr' id='par_1_7' title="bbox 244 4279 1293 4474">
     <span class='ocr_line' id='line_1_38' title="bbox 244 4279 1293 4373; baseline 0.012 -32"><span class='ocrx_word' id='word_1_309' title='bbox 244 4290 397 4354; x_wconf 70' lang='lat' dir='ltr'>autumet</span> <span class='ocrx_word' id='word_1_310' title='bbox 414 4293 448 4343; x_wconf 87' lang='lat' dir='ltr'>nt</span> <span class='ocrx_word' id='word_1_311' title='bbox 468 4279 693 4345; x_wconf 77' lang='lat' dir='ltr'>nwionabilem</span> <span class='ocrx_word' id='word_1_312' title='bbox 710 4296 834 4366; x_wconf 72' lang='lat' dir='ltr'>panem</span> <span class='ocrx_word' id='word_1_313' title='bbox 851 4305 942 4345; x_wconf 72' lang='lat' dir='ltr'>serrem</span> <span class='ocrx_word' id='word_1_314' title='bbox 960 4306 1022 4368; x_wconf 74' lang='lat' dir='ltr'>qne</span> <span class='ocrx_word' id='word_1_315' title='bbox 1038 4307 1114 4348; x_wconf 88' lang='lat' dir='ltr'>enm</span> <span class='ocrx_word' id='word_1_316' title='bbox 1130 4285 1293 4373; x_wconf 77' lang='lat' dir='ltr'>contingit</span> 
     </span>
     <span class='ocr_line' id='line_1_39' title="bbox 466 4405 1139 4474; baseline 0.01 -17"><span class='ocrx_word' id='word_1_317' title='bbox 466 4405 473 4437; x_wconf 83' lang='lat'><strong>¹</strong></span> <span class='ocrx_word' id='word_1_318' title='bbox 493 4405 615 4461; x_wconf 74' lang='lat' dir='ltr'>Bracton.</span> <span class='ocrx_word' id='word_1_319' title='bbox 627 4406 645 4456; x_wconf 72' lang='lat' dir='ltr'>i.</span> <span class='ocrx_word' id='word_1_320' title='bbox 658 4410 714 4463; x_wconf 71' lang='lat' dir='ltr'>w.</span> <span class='ocrx_word' id='word_1_321' title='bbox 727 4409 819 4472; x_wconf 72' lang='grc' dir='ltr'>ιμὼ</span> <span class='ocrx_word' id='word_1_322' title='bbox 830 4418 856 4459; x_wconf 77' lang='lat' dir='ltr'>at</span> <span class='ocrx_word' id='word_1_323' title='bbox 869 4411 957 4474; x_wconf 68' lang='lat' dir='ltr'>length</span> <span class='ocrx_word' id='word_1_324' title='bbox 969 4412 997 4463; x_wconf 71' lang='lat' dir='ltr'>et</span> <span class='ocrx_word' id='word_1_325' title='bbox 1007 4411 1061 4463; x_wconf 74' lang='lat' dir='ltr'>tat·</span> <span class='ocrx_word' id='word_1_326' title='bbox 1070 4426 1139 4464; x_wconf 68' lang='lat' dir='ltr'>ean.</span> 
     </span>
    </p>
   </div>
   <div class='ocr_carea' id='block_1_4' title="bbox 0 0 1471 5100">
    <p class='ocr_par' dir='ltr' id='par_1_8' title="bbox 0 0 1471 5100">
     <span class='ocr_line' id='line_1_40' title="bbox 0 0 1471 5100; baseline 0 0"><span class='ocrx_word' id='word_1_327' title='bbox 0 0 1471 5100; x_wconf 95' lang='lat' dir='ltr'> </span> 
     </span>
    </p>
   </div>
  </div>
 </body>
</html>
