2926 5100
228 366 285 431 '20
555 378 693 439 maran,
714 380 779 432 an.
804 369 898 445 1224,
919 383 984 433 aa
1006 372 1034 433 8.

242 572 301 616 nec
316 550 349 615 in
364 548 526 615 dominico
545 570 605 615 nec
626 549 659 614 iu
678 549 823 625 ceruicio,
838 551 917 637 quia
935 551 1100 637 predictua
1116 552 1252 620 Walten

242 655 339 721 homo
353 653 499 721 eiusdem
516 653 657 720 Abbatia
677 662 711 718 et
731 653 796 719 suit
815 654 857 721 xl.
872 656 967 720 annia
989 657 1167 723 transactia
1214 658 1252 724 Et

242 758 660 824 Walteruaaummoneatur
673 756 761 843 quod
775 756 819 821 ait
835 757 893 822 tali
904 757 957 823 die
969 769 1029 823 etc.
1041 758 1083 823 ad
1094 782 1252 845 dignosce:

242 860 282 924 de
305 882 370 947 quo
384 847 484 925 'tonet
508 867 732 923 tenementum
754 878 850 923 auum
873 859 906 924 in
928 860 1133 936 Garuiutona,
1147 874 1181 925 et
1201 862 1252 927 ain

243 962 426 1027 Willelmua
454 972 700 1027 summoneatur
724 960 766 1026 ad
792 962 1049 1048 cognoscendum
1073 963 1101 1028 ai
1125 963 1205 1050 quid
1231 967 1252 1030 c?

242 1067 276 1132 in
303 1066 448 1152 predicto
477 1064 570 1131 feodo
601 1066 652 1130 uel
683 1065 821 1131 numicio
849 1077 909 1131 etc
955 1067 1049 1133 Idem
1075 1067 1145 1134 dica
1174 1068 1252 1134 datu

242 1168 397 1256 partibua

306 1271 461 1337 ‘Matina
488 1270 530 1336 dc
561 1272 663 1337 Boaoe
698 1272 784 1358 petit
821 1294 935 1338 ucraua
963 1272 1148 1339 Johannam
1183 1275 1252 1340 filia

126 1390 159 1417 ·⁰
243 1376 393 1442 heredem
424 1376 579 1442 Willelmi
609 1376 650 1442 dc
680 1376 782 1442 Boaco
810 1400 908 1464 quam
940 1376 1100 1443 Radulsua
1129 1379 1170 1444 de
1201 1378 1252 1445 Βῆ

114 2540 193 2589 μαι]

242 1480 349 1546 Alicia
368 1503 449 1546 uxor
470 1480 541 1546 eiua
562 1489 764 1545 uocauerunt
783 1479 826 1545 ad
845 1491 1025 1545 warantum
1046 1481 1128 1545 duas
1145 1504 1249 1548 carue.

240 1609 315 1652 cum
347 1596 429 1673 pert
459 1585 492 1651 in
523 1586 695 1671 Styratona
720 1595 755 1650 et
784 1609 814 1651 x.
843 1586 898 1651 aol.
929 1585 1076 1651 redditur
1104 1609 1178 1650 eum
1209 1610 1250 1672 pe

242 1691 511 1778 Raucningeham
537 1701 571 1756 et
598 1690 639 1756 xl.
666 1712 727 1756 acr.
753 1700 838 1755 terre
864 1712 939 1755 cum
966 1701 1048 1776 pert.
1075 1691 1108 1755 in
1135 1690 1252 1777 'l’rykel

240 1795 349 1860 dotem
364 1816 456 1859 auum
472 1804 533 1859 etc.
577 1793 622 1858 Et
638 1792 820 1857 Herbertua
833 1791 876 1857 de
891 1792 1061 1858 alenton'¹
1076 1804 1185 1858 cuatoa
1203 1793 1252 1859 eiu

239 1897 390 1962 Johanne
414 1919 477 1983 que
503 1897 587 1961 infra
612 1906 735 1961 etatem
760 1908 810 1960 cat
837 1896 969 1962 uocauit
994 1894 1071 1961 inde
1097 1896 1139 1961 ad
1169 1920 1252 1963 wara

240 2002 419 2067 Robcrtum
440 2002 482 2067 de
506 2002 607 2065 Boaco
628 2000 686 2087 qui
708 2022 766 2087 per
787 2000 1074 2066 summonitionem
1098 2001 1189 2066 uenit
1212 2012 1247 2067 et

238 2104 325 2191 quod
347 2126 410 2169 non
429 2103 527 2168 debet
547 2103 578 2168 ei
601 2102 808 2167 warantizare
828 2103 906 2189 quia
928 2102 997 2189 ipae
1019 2113 1069 2167 eat
1091 2103 1179 2169 filiun
1200 2116 1236 2169 et

240 2205 376 2271 Roberti
392 2205 432 2270 de
449 2205 549 2269 Bouco
563 2214 599 2269 ct
614 2203 781 2290 predictus
796 2204 956 2270 Radulfua
974 2215 1007 2269 et
1024 2204 1129 2269 Alicia
1150 2228 1251 2271 uocau

240 2307 345 2394 ipaam
360 2308 543 2372 dohanuam
559 2307 601 2371 ad
617 2319 797 2373 warantum
814 2331 927 2373 ueraua
946 2307 1082 2373 eandem
1100 2308 1252 2373 hiatiilidr

241 2423 420 2477 warantum
447 2410 592 2476 eiusdem
621 2411 792 2477 Matillidia
817 2411 858 2477 dc
884 2411 962 2476 dote
987 2434 1047 2476 aua
1072 2423 1106 2475 et
1132 2424 1171 2476 ut
1198 2412 1252 2477 her

241 2514 378 2602 predicti
413 2514 547 2580 Roberti
577 2515 679 2600 putria
708 2514 854 2580 eiusdem
885 2514 1020 2578 Roberti
1041 2513 1046 2599 Ι
1066 2537 1123 2600 per
1151 2537 1248 2601 quem

242 2617 378 2684 Matillia
401 2617 519 2682 clamat
542 2617 720 2703 predictam
744 2617 853 2683 dotem
879 2630 913 2681 ct
936 2616 1062 2682 denicut
1089 2617 1157 2703 ipae
1180 2627 1232 2682 eat

241 2720 378 2808 predicti
405 2720 539 2786 Roberti
563 2721 665 2807 patria
688 2719 739 2785 atti
765 2731 798 2785 et
826 2720 896 2806 ipaa
919 2720 1071 2784 debanna
1095 2735 1210 2785 runata
1232 2746 1252 2787 c

242 2837 420 2891 warantum
442 2824 485 2890 ad
513 2825 658 2890 eiusdem
683 2825 817 2891 Robcrti
847 2825 1132 2890 ethenulacionem
1156 2826 1241 2912 petit

239 2930 326 2995 cium
341 2930 369 2994 ai
383 2928 503 2995 debcat
517 2929 565 2995 cia
579 2930 793 2994 warentizaro.

307 3034 350 3099 Et
366 3034 548 3099 Herbertua
562 3046 598 3098 et
612 3034 773 3099 Radulfua
787 3048 820 3097 ct
837 3033 943 3099 aricia
963 3055 1022 3120 per
1040 3045 1242 3101 attomatum

238 3135 313 3201 dem
335 3136 440 3201 Alicio
459 3136 573 3201 dicunt
593 3135 680 3222 quod
700 3135 787 3201 idem
810 3137 972 3201 lmlurttu
991 3137 1092 3203 debet
1115 3149 1217 3202 terrm
1239 3162 1252 3203 e

237 3240 389 3306 Johanne
406 3240 611 3305 uamntizare
626 3239 705 3325 quia
720 3239 883 3305 Robcrtua
902 3240 943 3304 de
966 3241 1066 3305 Bm>
1087 3257 1182 3328 pater
1200 3243 1252 3307 eiu

239 3344 374 3410 Roberti
397 3368 508 3410 omnes
534 3357 636 3409 terrae
658 3346 730 3410 inas
752 3344 844 3410 dedit
868 3345 1031 3411 Willelmo
1055 3347 1120 3411 filio
1145 3370 1204 3411 auo
1231 3370 1252 3435 p

237 3448 350 3535 genito
365 3449 435 3514 uiro
450 3449 593 3535 predicte
605 3449 709 3514 alicio
720 3448 761 3515 ad
773 3449 951 3515 dotandum
965 3450 1039 3515 iude
1051 3451 1186 3515 candem
1199 3452 1252 3517 Ati

237 3566 272 3617 et
289 3553 454 3638 proferunt
469 3564 591 3617 cartam
608 3551 743 3638 predicti
761 3553 895 3617 Roberti
911 3554 1012 3639 pratris
1026 3578 1090 3641 que
1106 3568 1247 3621 teutatur

238 3657 307 3743 ipre
333 3655 425 3722 dedit
448 3665 484 3720 et
510 3655 663 3721 liberauit
686 3656 850 3721 Wilieimu
871 3657 912 3722 de
937 3658 1036 3723 Bomo
1059 3659 1126 3723 filio
1147 3682 1207 3723 auo
1229 3681 1251 3746 p

236 3759 349 3845 genito
364 3771 467 3823 totam
484 3757 661 3844 predictam
677 3770 795 3823 terram
811 3773 844 3823 et
862 3760 1024 3825 redditum
1045 3760 1087 3825 ad
1107 3784 1239 3827 uxorem

237 3862 375 3927 Aliciaur
399 3861 583 3935 dotandum.
608 3863 654 3927 ita
680 3863 767 3949 qiud
798 3863 934 3948 pudicti
966 3864 1149 3929 Willeiuuu
1177 3880 1212 3929 ct
1242 3899 1252 3933 r

239 3979 370 4030 ternant
388 3979 491 4030 tutam
507 3980 624 4031 termm
642 3966 730 4032 iilum
746 3966 786 4031 ad
804 3982 909 4032 tntum
928 3968 1102 4033 terminum
1119 3969 1189 4034 uite
1200 3971 1252 4037 eiu

239 4067 373 4133 liuberti
396 4081 468 4144 cte..
488 4081 521 4131 et
544 4068 589 4134 ai⁸
611 4070 776 4155 predictus
799 4070 982 4135 wilielmus
1005 4072 1241 4157 primogenitus

272 4202 378 4254 ¹>laud
401 4203 424 4252 ia
447 4202 535 4253 vido·
556 4204 584 4253 nt
612 4202 706 4255 unam
733 4204 765 4255 de
816 4206 1105 4265 adaucbudohanna
1126 4207 1252 4259 ΛΜΗ

240 4266 322 4317 lto-co
339 4269 383 4319 the
398 4268 468 4319 elder
486 4269 542 4319 utro
559 4268 612 4319 aad
630 4277 680 4319 tvo
691 4285 762 4327 aona,
815 4270 903 4329 death,
919 4274 988 4321 aluo
999 4272 1110 4323 namt
1120 4272 1206 4337 Mna
1216 4272 1251 4325 d·

239 4333 354 4384 william
377 4333 430 4385 aad
453 4332 548 4383 ltobnrt
568 4333 614 4383 aaa
639 4349 763 4399 yonam.
848 4336 948 4387 ’Cora
964 4339 1083 4388 armna.

239 4398 353 4449 william
365 4397 476 4450 married
488 4399 567 4453 ut«.
579 4398 631 4449 and
640 4399 699 4459 taos
712 4398 764 4451 had
849 4400 859 4429 ⁸
876 4404 1002 4464 t'ompare
1015 4402 1059 4451 tta·
1070 4404 1119 4457 ein
1131 4404 1157 4451 in
1169 4402 1252 4453 curt
