2926 5100
248 369 311 433 104
559 377 696 438 mmm.
718 376 782 427 uu.
808 362 902 438 1225,
923 375 986 426 un
1009 361 1038 427 9.

248 574 360 617 nemus
389 547 642 637 profunditatem
672 568 755 633 nque
786 568 898 611 uersus
925 553 1084 621 austrum,
1106 555 1157 610 set
1183 567 1286 611 eum«

247 655 344 721 dutus
362 654 460 719 luerit
481 651 602 718 eisdem
625 650 821 716 iuratoribus
842 648 884 714 ud
906 657 1059 736 stagnum
1080 670 1286 715 smeusunns

247 758 334 824 idem
362 757 543 823 willelmus
566 756 606 821 de
632 754 732 840 Perey
755 763 832 819 ants
857 752 943 818 diem
970 752 1064 818 illum
1088 754 1154 819 lere
1179 766 1286 839 prmts

248 872 354 927 totum
371 858 452 925 illud
467 869 619 945 stagnum
635 867 671 924 et
688 856 910 922 molendinum
930 856 979 922 illi
998 866 1115 943 stsgno
1137 857 1286 923 simun

247 963 436 1030 absentibus
473 962 623 1028 omuibus
659 959 921 1048 recognitoribus,
951 970 986 1025 st
1021 970 1170 1046 pretereo
1199 958 1286 1025 iurat

247 1069 400 1133 dixemnt
430 1066 515 1153 quod
547 1064 729 1129 willelmus
759 1063 845 1129 ideo¹
876 1063 985 1150 posuit
1014 1063 1049 1130 in
1079 1063 1153 1128 uisu
1184 1085 1244 1128 suo
1273 1064 1286 1131 i

248 1169 478 1244 molendinum,
505 1190 563 1233 nec
593 1167 750 1232 iuratores
776 1167 854 1253 quis
879 1189 942 1232 non
970 1167 1155 1232 habuerunt
1181 1166 1260 1233 indo

247 1284 389 1359 coptum,
404 1295 464 1337 nec
479 1294 538 1358 per
551 1280 788 1336 sacromentum
807 1292 902 1336 suum
923 1283 1009 1335 esset
1028 1269 1111 1336 illud
1132 1270 1286 1337 molendis

248 1386 453 1463 pnstrntum
470 1398 529 1439 nee
544 1375 584 1440 de
600 1384 716 1461 stagno
736 1373 798 1438 nisi
819 1373 884 1439 duo
906 1373 1005 1460 pedes
1028 1385 1068 1440 ut
1087 1374 1276 1461 predictum

247 1479 362 1544 dicunt
398 1478 500 1543 eeium
536 1477 621 1563 quod
657 1475 820 1541 occasione
851 1477 949 1544 huius
978 1477 1041 1544 tei⁸
1069 1480 1245 1566 oocupouit
1274 1480 1286 1546 i

248 1580 468 1646 molendinum
490 1603 564 1646 cum
588 1602 707 1666 mngns
729 1581 915 1667 quantitate
939 1581 1048 1669 stsgni
1071 1605 1130 1669 per
1155 1581 1244 1669 quod
1270 1583 1286 1650 i

248 1687 409 1752 Robertus
431 1685 609 1771 dampnum
633 1685 733 1750 habet
752 1685 793 1751 nd
815 1687 994 1752 uslencinm
1011 1710 1082 1752 xxx„
1099 1710 1206 1763 mmo,
1220 1700 1256 1753 et
1272 1712 1286 1775 e

248 1789 332 1854 idem
344 1788 527 1853 willelmus
539 1787 598 1852 hoe
611 1787 687 1855 lecit
696 1810 771 1852 cum
780 1789 993 1855 multitudine
1002 1789 1153 1875 gencium
1165 1803 1200 1855 et
1210 1790 1245 1855 in
1258 1813 1286 1856 m

247 1902 379 1958 ammte
425 1891 547 1956 Dicunt
563 1890 664 1955 seium
680 1890 767 1974 quod
783 1890 868 1956 idem
888 1891 1051 1958 Robertus
1066 1893 1189 1957 nullum
1207 1914 1286 1981 purp

249 2007 356 2060 turam
380 1995 457 2060 lecit
479 2017 577 2081 super
598 1995 738 2059 eundem
756 1995 965 2062 willelmum.
1012 1995 1055 2061 Et
1075 1995 1149 2061 ideo
1163 2019 1286 2085 preoep

247 2108 298 2164 est
320 2097 502 2163 uioeeomiti
525 2097 612 2183 quod
633 2098 702 2162 sine
724 2098 882 2163 dilacione
904 2098 1078 2185 distringet
1100 2099 1210 2185 ipsum
1232 2101 1286 2168 wi

249 2224 337 2266 mum
349 2225 406 2289 per
415 2212 515 2267 termo
525 2212 559 2266 et
568 2202 685 2267 cntnlln
694 2225 753 2267 suu
761 2202 803 2268 sd
814 2202 1014 2268 reddendum
1026 2202 1132 2268 sidem
1144 2203 1286 2272 Roherto

247 2307 388 2392 dompno
404 2330 476 2370 xxx.
494 2329 587 2371 mum.
605 2307 750 2372 illnntm'
763 2317 798 2372 et
813 2307 900 2394 quod
914 2317 1066 2394 stagnum
1082 2307 1218 2374 illudet
1235 2332 1286 2376 mo

247 2410 360 2475 diuum
377 2409 457 2474 illud
472 2432 541 2474 esse
558 2410 653 2474 faciut
670 2410 703 2474 in
720 2410 833 2475 omem
849 2420 938 2476 statu
954 2433 1018 2498 quo
1033 2432 1102 2476 esse
1115 2411 1217 2478 debet
1228 2426 1286 2479 ets

247 2523 282 2576 et
304 2510 481 2576 secuudum
508 2511 593 2598 quod
620 2535 726 2576 comm
753 2511 866 2577 eodem
893 2512 1083 2577 uioeeomite
1110 2535 1170 2599 per
1195 2514 1286 2600 predi

246 2612 462 2699 remgnitores
477 2614 677 2700 recognitum
693 2624 793 2679 estet
808 2613 993 2680 willelmus
1007 2614 1041 2679 in
1057 2615 1286 2683 misericordis⁴

114 2713 206 2775 1082.
309 2717 492 2783 willelmus
508 2719 593 2783 filius
608 2718 767 2783 Johunuis
783 2719 881 2804 peciit
901 2741 1014 2784 uersus
1030 2718 1233 2786 willelmum
1249 2721 1286 2787 lil

128 2814 185 2853 Μ
245 2821 400 2887 willelmi
423 2822 463 2887 de
486 2821 718 2887 Abbedestonn
740 2821 949 2887 medietatem
967 2823 992 2908 j
1015 2822 1094 2909 uirg.
1118 2834 1203 2889 terre
1225 2836 1286 2890 et«

128 2936 186 2984 tm}
243 2948 318 2990 cum
341 2937 422 3011 pert.
441 2925 446 3010 Ι
467 2926 501 2991 in
524 2925 754 2991 Abbedestouu
776 2938 810 2991 et
834 2927 1034 2991 willelmum
1059 2940 1186 3013 putrem
1207 2928 1286 2995 eiua

246 3029 401 3095 willelmi
425 3052 522 3094 unum
546 3029 627 3116 uirg.
644 3040 728 3094 terre
748 3041 784 3094 et
803 3029 879 3095 dim.
895 3053 969 3096 eum
991 3031 1254 3118 pertinendum
1275 3056 1286 3099 ι

245 3145 282 3199 ut
304 3135 355 3199 ius
374 3156 469 3198 suum
492 3133 578 3199 uude
600 3133 768 3199 Johnnnos
791 3147 884 3220 poter
906 3157 985 3199 suus
1008 3134 1072 3199 suit
1094 3133 1228 3201 seisitus
1252 3148 1286 3203 ut

245 3238 337 3303 leode
366 3248 400 3303 et
430 3239 500 3303 iure
529 3248 562 3303 et
591 3237 624 3302 in
651 3236 812 3302 dominico
839 3253 983 3325 tempotu
1008 3238 1108 3323 Regis
1135 3239 1267 3306 Rimrdi

243 3341 399 3427 cupiendo
415 3339 490 3406 inde
506 3340 636 3426 expleto
651 3339 692 3405 nd
709 3340 888 3405 uuleucinm
905 3364 932 3405 s.
942 3341 996 3406 sol
1010 3353 1043 3405 et
1059 3341 1100 3407 de
1117 3342 1188 3428 ipso
1200 3343 1286 3409 John

242 3445 410 3511 descendit
428 3445 478 3510 ius
494 3456 577 3509 terre
594 3444 681 3509 illius
697 3445 757 3530 ipsi
775 3444 938 3509 willelmo
954 3456 990 3509 ut
1008 3446 1074 3510 tilio
1094 3459 1130 3510 et
1151 3446 1264 3514 heredi

242 3561 276 3612 et
300 3547 385 3633 quod
409 3547 473 3613 tole
498 3547 560 3611 suit
582 3547 632 3611 ius
652 3569 747 3612 suum
772 3557 832 3612 etc.
853 3547 971 3633 optulit
998 3547 1131 3633 ptubnre
1157 3571 1215 3635 per
1237 3573 1286 3616 eon

242 3650 408 3716 cniusdntu
433 3649 525 3714 liberi
549 3649 687 3714 hominis
709 3648 760 3713 sni
784 3648 902 3733 llogeri
924 3648 965 3714 ‹le
990 3648 1198 3716 qulteuilln
1218 3652 1276 3738 qui

241 3756 361 3841 optulit
378 3754 589 3819 ‹lismciotmre
607 3777 664 3840 per
677 3777 793 3839 corpus
807 3777 902 3819 sunm
920 3767 956 3819 ut
972 3754 1012 3819 de
1029 3755 1102 3819 uisu
1118 3778 1185 3820 suo

308 3859 349 3924 Et
367 3857 549 3923 willelmus
569 3858 654 3923 filius
670 3858 826 3924 willelmi
850 3858 942 3924 uenit
964 3872 998 3923 et
1021 3858 1150 3924 uoomit
1170 3858 1213 3924 nd
1229 3881 1286 3925 w

243 3978 313 4028 tnm
336 3963 376 4028 de
399 3985 459 4027 suu
481 3962 658 4028 medietnto
681 3962 881 4028 willelmum
907 3974 1032 4049 pntmun
1053 3985 1159 4038 suum,
1177 3963 1235 4049 qui
1257 3986 1286 4028 m

242 4079 274 4130 et
299 4066 328 4132 ei
353 4065 575 4131 wumutiznuit
599 4081 634 4131 et
660 4065 701 4131 de
729 4079 798 4131 totu
829 4080 915 4133 tenu
943 4068 1089 4133 defendit
1116 4068 1167 4133 ius
1193 4068 1286 4134 wille

278 4260 283 4289 ¹
305 4258 353 4306 Fut
371 4260 426 4305 sdaeo
446 4257 505 4307 md
523 4275 578 4308 nna.
615 4260 636 4308 Α
656 4265 703 4309 not
724 4274 767 4307 un·
822 4259 897 4308 lntsd
910 4276 980 4310 muru
993 4259 1057 4311 thiu
1070 4259 1256 4311 tinnulum

243 4338 362 4372 common
375 4322 491 4373 blundus.
852 4326 861 4355 ²
879 4326 929 4374 stc.

277 4387 401 4452 'supply
427 4389 570 4438 tt'n'ttetm.
606 4388 719 4440 willluu
742 4404 766 4438 ⁸·
854 4390 1107 4441 ‘declini-mh,
