2926 5100
319 128 437 179 conix
458 127 559 188 amr,
580 128 644 178 an.
669 113 828 189 1236-7,
849 129 912 177 aa
938 115 988 178 21.
1143 116 1204 178 201

10 301 63 344 ‘'—
149 292 226 363 dut
236 298 316 385 quod
330 299 431 364 nichil
451 310 568 364 tenent
587 298 628 364 de
648 299 792 364 manerio
813 298 870 364 illo
889 321 948 364 nec
968 299 1009 365 dc
1029 320 1124 386 parco
1144 300 1208 376 illo,

10 418 21 443 ²
47 410 52 417 ‘
148 416 181 464 tet
196 401 293 467 Petrus
313 414 348 468 et
370 402 428 467 alii
453 401 568 467 dicunt
591 402 677 489 quod
701 425 765 468 non
789 402 911 468 debent
935 402 1041 468 eidem
1066 403 1209 469 Roberto

148 500 190 567 illc
206 504 342 591 lingonis
363 528 376 570 r
414 575 427 592 ι
444 505 565 582 rudera,
580 506 658 593 quia
678 507 746 593 ipae
767 529 934 592 nunquam
955 506 1018 570 fuit
1038 507 1071 570 in
1091 508 1210 572 seisina

146 604 316 693 &predicto
345 609 490 673 manerio
519 631 579 674 nec
608 609 649 673 de
679 630 775 694 pareo
804 608 857 673 die
884 631 947 696 quo
973 611 1208 697 cyrographum

13 719 47 759 “-
146 710 227 777 lictum
255 714 316 778 luit
346 735 406 779 acc
434 725 513 778 ante
544 736 603 779 nec
633 726 706 800 poet
732 737 916 800 perunum
941 715 1037 792 diem,
1061 726 1096 782 et
1122 718 1207 782 idem

10 828 38 863 ὲ·
147 811 318 881 Mende
333 816 464 881 Salceto
477 838 605 903 semper
620 816 683 880 luit
698 817 731 880 in
747 817 914 882 seisinaet
930 840 1097 904 nunquam
1116 831 1209 885 extra

10 926 58 969 ¹⁵--
145 919 251 984 tth'nem
265 932 298 984 et
314 919 443 985 dericut
460 920 688 985 continebatur
708 921 742 986 in
762 921 856 985 breui
876 921 916 985 de
932 923 1089 986 warancia
1106 923 1207 988 carte¹

145 1020 200 1105 aad
211 1022 266 1087 tuit
280 1024 314 1088 iu
328 1024 450 1089 ceisina
462 1035 498 1089 et
512 1024 636 1089 nullam
651 1024 802 1089 neieinam
818 1024 934 1090 habuit
951 1026 1049 1090 breue
1072 1026 1153 1092 illud
1167 1027 1208 1092 de

10 1136 41 1172 ἰ
146 1127 260 1191 maa
282 1138 372 1193 carta
399 1129 479 1193 salso
501 1129 564 1193 fuit
591 1129 802 1215 impetratum
824 1139 859 1195 et
881 1130 970 1193 curia
992 1130 1086 1194 Dom.
1109 1130 1209 1217 Regis

10 1214 34 1316 ἰ·
145 1222 239 1312 &pta
261 1229 324 1293 tuit
350 1229 384 1294 in
410 1230 610 1295 confectione
636 1230 773 1316 predicti
799 1231 999 1317 cyrographi.
1051 1233 1096 1297 Et
1122 1232 1207 1319 quod

10 1334 32 1373 ³
146 1327 200 1394 itm
223 1331 380 1397 Βοδεηω
409 1333 496 1398 filius
526 1334 677 1421 Hugonis
702 1335 825 1399 nullam
853 1335 967 1400 habuit
993 1336 1142 1400 saisinam
1172 1349 1207 1402 et

21 1448 49 1463 ·“
146 1432 200 1515 Μ
210 1435 365 1519 predictus
379 1435 543 1501 Robertua
557 1437 597 1502 de
613 1437 742 1502 Salceto
763 1460 930 1524 nunquam
950 1448 1043 1503 extra
1056 1438 1206 1503 aeisinnm

54 1572 63 1583 ·
148 1533 185 1599 tl
195 1552 304 1622 ponam
318 1561 354 1603 ae
369 1561 469 1625 super
483 1539 630 1625 patriam.

187 1638 389 1709 &liebertus
402 1643 491 1708 filiun
508 1643 658 1731 Hugonis
673 1644 766 1709 uenit
786 1654 822 1710 et
841 1643 921 1709 dicit
942 1644 1028 1731 quod
1049 1645 1112 1709 luit
1132 1643 1207 1709 iude

150 1740 269 1811 'neem
281 1747 383 1812 eciam
400 1769 460 1833 per
474 1768 523 1811 xv.
539 1747 609 1811 dies
624 1756 659 1812 et
679 1746 809 1833 quando
829 1748 1065 1834 cyrographum
1086 1749 1207 1813 lactum

10 1860 13 1871 '
31 1880 41 1887 -
150 1842 229 1917 trite
241 1851 386 1937 queritur
399 1851 429 1915 ai
443 1850 484 1916 de
500 1849 560 1915 hoc
575 1851 658 1915 uelit
672 1874 706 1915 aa
722 1873 841 1936 ponere
855 1873 953 1936 super
974 1851 1113 1937 patriam
1128 1851 1209 1917 dicit

149 1950 203 2031 Μ
213 1974 275 2031 nou,
289 1965 341 2020 ret
356 1964 450 2020 tenet
464 1977 498 2019 ae
513 1954 555 2019 ad
570 1954 814 2041 cyrographum.

190 2051 284 2124 tute·
302 2057 488 2125 concordati
510 2070 588 2123 runt
609 2069 645 2123 et
666 2068 717 2122 eet
738 2058 906 2124 concordia
928 2059 1003 2123 telis
1027 2059 1114 2146 quod
1138 2083 1209 2146 pre-

10 2190 12 2197 *
149 2148 386 2227 &altannus
406 2160 493 2225 filius
513 2159 663 2247 Hugonia
684 2160 808 2225 remisit
828 2170 862 2226 et
884 2160 1032 2247 quietum
1054 2161 1209 2227 clamauit

149 2254 244 2327 tract
258 2263 430 2330 heredibus
443 2264 511 2329 auia
526 2264 587 2350 ipsi
604 2264 700 2329 Petro
716 2264 857 2330 Roberto
871 2277 906 2329 et
924 2266 1073 2330 omuibus
1087 2267 1159 2331 aliia
1173 2277 1208 2332 et

31 2380 37 2387 ’
150 2358 275 2432 hotta
287 2390 399 2433 aarum
415 2378 522 2432 totum
539 2368 590 2432 ius
610 2378 645 2433 et
665 2367 818 2432 clamium
838 2368 925 2455 quod
945 2368 1061 2433 habuit
1083 2369 1117 2433 in
1138 2379 1209 2435 tota

149 2466 251 2545 filim
263 2486 348 2537 terra
360 2494 436 2537 cum
451 2482 532 2558 pert
544 2472 578 2537 in
594 2482 798 2558 perpetuum,
809 2481 843 2537 et
854 2472 1005 2536 similiter
1019 2472 1052 2536 in
1068 2472 1207 2558 quodam

149 2570 286 2639 dodim
298 2575 341 2641 dc
356 2575 524 2663 Ikelegha,
536 2587 571 2641 et
584 2576 736 2642 similiter
750 2576 906 2641 indebito
918 2577 1015 2661 xxvij.
1028 2599 1206 2642 marearum

18 2704 41 2737 .-
147 2676 314 2753 cneum
327 2679 370 2745 de
385 2679 496 2745 debito
511 2679 645 2745 Roberti
661 2678 701 2744 de
719 2678 750 2743 la
765 2677 931 2763 Sauseye,
946 2687 981 2743 et
997 2701 1053 2764 pro
1070 2679 1129 2744 hac
1144 2688 1205 2744 etc

148 2770 305 2856 herema
331 2782 494 2849 Robertm
522 2794 557 2849 et
586 2783 642 2849 alii
671 2782 798 2849 dabunt
827 2781 934 2847 eidem
961 2782 1095 2868 Ilugoui
1122 2782 1207 2868 xxvj.

33 2930 47 2947 .
147 2885 279 2951 mad
293 2887 376 2953 talea
392 2887 547 2952 terminos
561 2898 622 2953 etc.

187 2984 349 3053 Alexander
384 2987 426 3053 de
457 2988 609 3053 Neouilla
646 2989 732 3053 filius
768 2998 803 3053 et
840 2987 932 3052 heres
961 2988 1137 3053 Alexandri
1167 2989 1208 3054 de

10 3126 46 3155 ,.--
148 3076 258 3153 leonilla
289 3106 426 3178 questus
461 3093 525 3157 tuit
561 3092 655 3157 Dom
686 3092 769 3178 Regi
798 3091 885 3178 quod
913 3113 987 3156 cum
1021 3093 1148 3157 fecisset
1177 3093 1207 3158 ei

147 3192 286 3277 l*egium
311 3218 409 3260 mum
434 3195 476 3260 de
504 3196 597 3261 terrie
621 3219 701 3282 quae
723 3195 887 3282 predictus
909 3195 1094 3260 Alexander
1116 3206 1209 3282 pater

145 3310 197 3355 ευ
213 3300 307 3363 enuit
328 3299 371 3365 de
392 3322 432 3363 eo
454 3299 487 3364 in
514 3300 620 3386 capite
644 3310 680 3365 ct
705 3299 791 3364 uude
816 3298 993 3363 uicecomee
1019 3312 1206 3386 preceptum

144 3390 225 3463 htuir
237 3403 315 3487 quod
331 3403 374 3469 de
389 3403 539 3468 omuibus
560 3403 653 3468 terris
672 3402 826 3489 predictis
845 3401 886 3466 de
906 3401 1025 3488 quibus
1045 3405 1208 3489 predictus

144 3498 286 3571 lltmder
305 3520 400 3593 pater
421 3507 492 3572 eiua
516 3507 579 3571 luit
597 3507 728 3572 saisitus
747 3505 800 3571 die
820 3527 885 3592 quo
904 3506 987 3570 obiit
1005 3507 1155 3572 saisinam
1176 3509 1206 3574 ci

143 3600 236 3679 lm.
249 3610 330 3676 idern
346 3610 525 3676 uicecomca
539 3611 690 3676 eciaiuam
706 3610 737 3675 ci
753 3612 856 3675 facere
878 3610 984 3674 noluit
1003 3611 1044 3675 de
1065 3613 1207 3678 manerio

143 3706 347 3801 ethome
361 3736 436 3779 cum
452 3726 533 3800 pert
548 3715 712 3780 occasione
728 3713 913 3778 donacionis
932 3737 1029 3800 quam
1052 3716 1208 3782 Ricardue

142 3808 320 3885 ettennon
351 3820 408 3906 qui
438 3819 553 3886 habuit
582 3820 761 3885 custodiam
799 3819 1014 3905 predictarum
1049 3831 1206 3887 terrarum

144 3928 199 3979 '‘f-⁹·
224 3922 329 3989 lactem
361 3924 458 3989 luisse
488 3947 508 3989 a
538 3924 682 4011 predicto
713 3923 897 3988 Alexandro
927 3923 1111 3990 Clemcucic
1141 3925 1206 3991 filie

146 4075 434 4191 “meuanvhich
451 4084 495 4135 thr
511 4085 563 4135 ttae
580 4099 631 4134 nr
714 4084 1160 4139 ’TherameultohdeSalcota

1265 3007 1325 3049 lanc.
