2926 5100
233 376 274 437 12
547 386 682 446 mann,
705 386 770 437 nn.
795 373 888 446 1224,
911 387 975 438 aa
997 378 1027 438 8.

230 563 370 629 Aliciam
386 584 518 627 uxorem
534 561 604 627 eius
620 560 752 626 terciam
769 571 894 648 partem
910 560 1055 626 eiusdem
1071 558 1249 625 molendini
1263 580 1338 624 eum

231 679 312 755 pert.
328 669 362 733 in
377 667 490 733 eadem
507 666 587 732 uilla
607 675 645 732 ut
665 667 717 731 ius
736 689 830 731 suum
852 676 913 732 etc.
929 665 1016 731 unde
1038 664 1225 731 Alexander
1246 675 1342 751 pater

229 797 308 840 suus
323 773 386 838 fuit
401 773 531 838 seisitus
546 781 584 837 ut
599 772 639 837 de
656 770 748 836 feodo
762 781 797 835 ct
813 771 882 836 iure
902 781 937 835 et
957 770 990 835 in
1012 768 1172 834 dominico
1193 779 1339 855 tempore

231 879 268 944 R.
294 878 393 964 Regis
416 877 571 942 auunculi
595 877 689 941 Doni.
713 875 812 962 Regis
831 875 836 961 Ι
856 874 1013 961 capiendo
1039 873 1114 939 inde
1140 873 1272 959 expleta
1297 870 1340 936 sd

231 982 371 1046 ualorem
394 1004 420 1045 v.
441 981 507 1056 sol,
522 989 556 1044 et
575 979 616 1044 de
639 979 709 1065 ipso
731 978 915 1043 Alexandro
937 977 1104 1043 descendit
1127 977 1178 1041 ius
1199 976 1338 1041 duarum

229 1085 372 1170 parcium
389 1084 476 1149 illius
493 1081 669 1147 molendini
689 1081 752 1167 ipsi
774 1080 949 1146 Godelrido
969 1092 1007 1144 nt
1029 1081 1095 1144 lilio
1114 1102 1172 1143 suo
1191 1079 1277 1144 sicut
1298 1080 1338 1144 do

229 1189 284 1254 illo
300 1189 484 1254 molendino
503 1187 589 1274 quod
611 1186 754 1273 pertinet
773 1186 815 1251 ad
835 1187 1016 1272 porcionem
1037 1209 1128 1250 suam
1149 1208 1247 1272 quam
1268 1186 1338 1272 ipso

230 1295 329 1359 habet
351 1294 391 1359 de
415 1292 594 1357 hereditate
619 1290 756 1377 predicti
780 1290 957 1356 Alexandri
984 1289 1160 1376 patrissui
1186 1312 1225 1354 eo
1251 1288 1338 1375 quod

229 1410 316 1464 terra
329 1419 389 1460 stra
404 1395 467 1460 luit
483 1394 651 1481 partibilis.

296 1501 338 1564 Et
355 1500 499 1584 Rogcrus
514 1510 548 1562 et
563 1522 673 1563 ornnes
688 1499 743 1563 slii
760 1498 899 1563 ueniunt
914 1507 948 1563 et
969 1497 1149 1563 defendunt
1170 1498 1222 1562 ius
1241 1519 1337 1561 suum

229 1615 264 1667 et
278 1604 392 1668 dicunt
407 1601 493 1688 quod
509 1625 571 1666 non
587 1602 708 1668 debent
723 1602 754 1666 ci
770 1601 845 1666 inde
861 1602 1052 1688 respondere
1064 1601 1141 1687 quia
1153 1599 1340 1665 Alexander

230 1728 342 1770 reuera
372 1704 487 1769 habuit
517 1703 737 1768 molendinum
768 1703 849 1768 illud
879 1715 917 1768 ut
947 1703 998 1768 ius
1027 1725 1123 1767 suum
1161 1716 1211 1766 set
1250 1701 1337 1766 idem

230 1808 414 1873 Alexander
429 1807 541 1872 habuit
556 1830 656 1871 unum
670 1807 772 1871 tilium
786 1808 928 1872 Alanum
941 1807 1070 1871 nomine
1083 1806 1337 1893 primogenitum

230 1926 355 1999 patrem
377 1914 520 1998 ipsamm
545 1910 719 1975 Petronillc
743 1921 777 1973 et
797 1910 901 1974 Alicie
924 1918 959 1973 ct
982 1910 1054 1974 idco
1077 1932 1140 1973 non
1162 1908 1286 1974 debent
1307 1909 1338 1974 ei

228 2014 418 2101 respondere
434 2014 559 2079 dcsicut
575 2014 643 2099 ipse
659 2024 708 2077 est
723 2013 764 2078 de
780 2025 930 2098 postnato
946 2014 1051 2078 fratrc.

295 2119 337 2182 Et
367 2118 560 2182 Godelridns
589 2117 669 2181 dicit
699 2117 784 2202 quod
815 2139 928 2180 reuera
957 2126 1007 2179 est
1037 2126 1209 2202 postnatus
1239 2116 1340 2181 frater

228 2221 326 2285 Alani
341 2230 392 2284 set
405 2220 486 2284 dicit
500 2219 586 2305 quiid
602 2231 688 2283 terra
703 2220 759 2283 illa
773 2231 822 2283 est
839 2219 1000 2305 partibilis
1015 2233 1049 2283 et
1072 2220 1135 2284 luit
1155 2241 1284 2305 semper
1303 2233 1338 2283 et

229 2323 302 2389 idco
317 2323 403 2410 petit
417 2322 498 2388 illud
515 2322 736 2387 molendinum
753 2334 789 2387 ut
806 2323 973 2409 pertinens
986 2322 1028 2387 ad
1047 2322 1228 2408 porcionem
1244 2345 1337 2388 suam

227 2450 325 2514 quam
342 2427 442 2491 habet
456 2426 496 2491 de
513 2427 657 2512 predicta
674 2439 766 2491 terna

295 2532 338 2595 lit
370 2532 514 2616 Rogems
544 2542 578 2595 ct
607 2531 663 2595 alii
693 2532 807 2596 dicum
837 2533 923 2617 quod
958 2532 1123 2618 predictus
1152 2531 1339 2597 Alexander

229 2637 345 2702 habuit
361 2659 389 2700 v.
405 2636 486 2700 lilios
501 2636 641 2700 sciletc.
659 2647 781 2721 etpost
803 2646 939 2700 mortem
962 2634 1138 2701 Alexandri
1160 2646 1231 2699 tota
1252 2647 1340 2701 tem

227 2763 288 2804 sun
311 2740 432 2826 pertita
462 2739 524 2803 luit
551 2739 636 2803 inter
661 2740 732 2804 illos
759 2763 785 2802 v.
811 2740 893 2803 lilios
916 2750 951 2802 ct
976 2739 1196 2824 unusquisque
1219 2738 1339 2804 babuit

229 2855 354 2930 partem
376 2867 467 2907 snam
492 2855 526 2907 ct
549 2844 657 2907 tenuit
679 2868 713 2907 se
737 2855 897 2929 pacatum.
947 2845 1063 2908 Postea
1077 2844 1158 2908 obiit
1177 2844 1338 2909 Henricus

227 2949 296 3012 sinc
324 2947 441 3011 herede
466 2947 506 3011 de
531 2970 564 3010 so
591 2958 623 3010 ct
653 2960 739 3011 terra
761 2969 821 3011 sna
847 2949 969 3034 partita
995 2950 1058 3012 snit
1085 2949 1172 3013 inter
1196 2961 1339 3034 quatuor

229 3051 342 3115 iratres
360 3064 392 3114 et
416 3064 527 3135 poma
546 3050 627 3114 obiit
648 3049 761 3114 codem
783 3051 877 3115 modo
899 3051 1094 3116 laurencius
1114 3063 1148 3116 et
1170 3074 1230 3115 sua
1253 3065 1341 3117 tem

228 3155 350 3242 partita
372 3155 434 3219 luit
455 3155 541 3219 inter
561 3166 626 3218 tres
647 3157 761 3220 fratres
780 3170 812 3219 et
835 3157 1057 3243 unnsquisque
1078 3155 1185 3221 tenuit
1205 3179 1240 3220 se
1263 3179 1338 3221 mn·

228 3270 357 3323 tentum
373 3258 413 3323 de
430 3272 521 3344 parte
537 3280 596 3322 sua
608 3271 642 3323 et
653 3282 781 3344 semper
791 3259 958 3345 hucusque
971 3271 1147 3324 tenuerunt
1159 3283 1193 3323 sc
1206 3272 1338 3345 pacatos

228 3374 262 3426 et
285 3362 410 3426 desicnt
434 3373 520 3425 terra
542 3362 598 3426 illu
620 3362 682 3426 snit
706 3363 829 3448 partita
852 3365 914 3448 xxj.
933 3364 1027 3428 annis
1050 3362 1220 3427 transactis
1241 3375 1276 3427 et
1300 3386 1339 3427 eo

227 3466 368 3552 amplius
381 3479 414 3530 et
432 3466 569 3552 quilibet
586 3490 695 3531 eorum
718 3468 825 3532 tenuit
846 3492 880 3532 sc
901 3481 1052 3554 paratum
1074 3467 1158 3553 petit
1179 3466 1337 3533 iudicium

228 3570 254 3633 si
267 3568 384 3632 debeat
397 3592 481 3632 nnnc
494 3569 694 3655 resplendere,
706 3583 738 3633 et
753 3571 834 3635 benc
846 3570 1006 3635 delendit¹
1018 3570 1103 3656 quod
1114 3570 1337 3635 molendinum

229 3673 309 3737 illud
333 3695 396 3736 non
419 3674 560 3758 pertinet
582 3672 624 3737 ad
647 3675 827 3759 porcionem
851 3674 1027 3748 Gorlclridi,
1047 3686 1081 3738 ct
1104 3685 1252 3760 pretores
1275 3675 1338 3761 ipsi

230 3787 344 3841 tenent
364 3776 584 3840 molendinum
608 3777 689 3841 illud
711 3777 752 3841 dc
775 3778 868 3843 Dona
886 3779 974 3863 Rege
998 3777 1160 3842 reddendo
1183 3801 1241 3864 per
1261 3802 1338 3846 ann.

229 3881 269 3945 xl.
286 3880 340 3943 scd.
356 3892 390 3944 et
407 3880 492 3945 idem
508 3880 702 3945 Godelridus
715 3882 835 3946 clamat
855 3893 964 3947 tenero
986 3883 1067 3948 illud
1087 3882 1128 3948 de
1150 3883 1339 3970 Archiepis·

228 4005 308 4068 oopo
322 3983 511 4047 lilssracensi
528 4006 585 4070 per
599 3984 680 4048 duos
694 3985 758 4058 sol..
769 3997 802 4049 ct
818 3987 845 4050 si
862 4009 959 4072 super
974 3986 1033 4050 boc
1048 3985 1189 4050 debeant
1204 4007 1337 4073 trepon-

229 4086 305 4150 dere
328 4085 439 4149 dicunt
463 4086 548 4172 qnod
573 4086 656 4151 idem
680 4088 873 4152 Godelridus
895 4102 968 4175 post
992 4102 1128 4153 mortem
1157 4090 1258 4175 patris
1284 4092 1337 4157 sni

229 4186 358 4274 quando
375 4202 459 4252 terra
477 4188 597 4273 partita
617 4189 679 4253 luit
700 4190 806 4255 tenuit
827 4216 861 4254 se
885 4204 1033 4276 pacatum
1058 4189 1099 4255 dc
1122 4202 1213 4276 parte
1235 4214 1336 4277 quam

231 4291 315 4355 idem
346 4291 537 4357 Gale-fridus
568 4303 659 4356 tenet
685 4293 717 4357 in
745 4294 882 4359 Cathale
906 4309 938 4357 ct
965 4293 1039 4358 inde
1065 4295 1154 4382 ponit
1179 4316 1214 4359 se
1237 4314 1339 4384 super

530 4421 536 4452 ¹
554 4422 625 4471 eon.
637 4430 726 4485 petum
760 4423 864 4472 deleant
889 4423 1041 4486 ,defendunt
