2926 5100
418 385 559 443 siuas,
582 385 645 434 an.
673 372 765 444 1225,
789 387 849 434 aa
876 376 902 434 n.
1170 378 1211 444 62

120 562 292 627 eliberata
311 561 373 626 luit
394 558 436 624 do
459 567 671 646 purprestura
692 558 778 622 laeta
794 580 900 623 corum
916 559 1100 625 iusticiariis
1115 562 1210 627 itine-

126 665 252 729 rantibus
271 686 330 751 per
346 663 371 749 j.
387 662 460 727 den
482 659 682 726 reddendum
708 682 920 746 perannum,
942 671 977 726 et
999 662 1081 727 bene
1103 663 1211 730 sciunt

133 767 199 852 qao
221 767 347 854 quando
375 765 518 853 quedam
547 764 674 830 brecea¹
701 764 819 830 cecidit
844 765 905 830 hoc
934 789 1020 830 anno
1046 767 1087 832 de
1119 790 1211 832 muro

139 872 243 955 pediu
267 870 424 936 Willelmi
451 868 567 935 etalii
599 868 834 955 prohibuerunt
864 892 905 934 ne
935 871 1022 936 idem
1055 872 1212 958 Magister

141 976 205 1039 ihm
220 977 357 1041 bremun
380 986 545 1060 repararet
567 985 602 1037 et
622 971 796 1048 clauderet,
811 984 846 1038 et
867 974 926 1039 hoe
951 977 1096 1041 lecerunt
1111 978 1211 1042 semel

142 1096 168 1140 et
184 1080 277 1144 iterum
300 1080 348 1144 ita
370 1077 458 1164 quod
482 1076 749 1162 magisterium
772 1076 922 1141 claudere
946 1100 1009 1142 uon
1032 1079 1151 1164 potuit,
1176 1090 1211 1144 et

145 1181 313 1247 udedicnut
334 1181 424 1268 quod
446 1179 614 1246 iusticiatii
635 1179 826 1243 itinerantes
846 1179 1067 1246 liberauerunt
1088 1182 1210 1248 Domui

147 1282 284 1369 duplalis
303 1286 442 1373 placiam
468 1284 557 1349 illam
578 1283 741 1348 reddendo
757 1306 951 1370 perannum
967 1297 1026 1351 ete.
1074 1286 1116 1350 Et
1138 1287 1210 1351 ideo

146 1387 340 1453 mlentnm
359 1400 412 1452 est
433 1387 520 1473 quod
541 1386 697 1471 Magister
721 1387 925 1471 recuperauit
944 1387 1094 1452 seisinam
1117 1411 1210 1454 suam

146 1506 170 1550 et
180 1513 265 1556 ‹iunea
277 1493 333 1558 alii
348 1492 382 1556 in
399 1491 624 1556 misericordia.
671 1491 864 1577 Preeeptum
880 1504 930 1557 eat
945 1493 1127 1558 nicecomiti
1138 1493 1211 1560 eta·

89 1588 116 1653 Ι
192 1596 278 1659 Anisa
313 1595 406 1659 uenit
442 1594 647 1680 recognitum
676 1594 704 1657 si
735 1594 920 1658 Alexander
952 1594 1038 1658 lilius
1067 1594 1211 1680 Philippi

145 1690 230 1759 luae
249 1714 279 1760 et
301 1697 372 1761 sine
394 1695 516 1760 iudicio
537 1694 714 1760 disseisiuit
739 1695 939 1759 ll'illelmum
960 1696 1000 1760 de
1019 1695 1210 1760 Shineleshu
1254 1758 1258 1766 ,

145 1812 169 1858 et
189 1797 377 1865 llolliardanr
405 1821 538 1863 uxorem
568 1798 639 1862 eiua
667 1797 709 1862 de
740 1797 841 1862 libero
871 1808 1059 1862 tenemento
1088 1821 1146 1862 suo
1175 1799 1210 1865 iu

145 1898 300 1970 &menis
320 1918 394 1991 pust
416 1903 570 1968 ultimum
592 1902 755 1967 redditum
776 1912 837 1967 etc.
883 1902 926 1967 Et
941 1902 1127 1967 Alexander
1146 1925 1210 1967 nou

144 2009 268 2075 eurem
284 2028 319 2075 et
335 2011 516 2074 uieecourea
531 2007 610 2072 dicit
630 2006 717 2093 qnod
738 2029 801 2070 non
822 2016 873 2071 est
893 2007 1049 2071 inuentus
1069 2017 1104 2072 et
1123 2007 1210 2093 quod

143 2112 233 2179 ιαΙΙιιρ
247 2115 344 2180 hahet
360 2114 521 2178 balliuum
542 2125 576 2176 et
597 2112 669 2176 ideo
688 2111 789 2175 assim
808 2110 955 2197 capiatur
974 2133 1032 2196 per
1054 2111 1210 2176 defaltum

141 2231 183 2278 ne

184 2320 334 2387 lenimus
349 2321 467 2386 dicunt
481 2320 567 2407 quod
582 2319 715 2406 qnidam
732 2319 908 2383 Wanierns
923 2318 1063 2383 niearius
1077 2318 1209 2384 eeclesia

138 2418 377 2493 &mult-ldis
413 2427 521 2490 tenuit
558 2435 781 2489 tenementum
818 2421 900 2487 illud
933 2431 971 2486 nt
1000 2422 1209 2487 elemosinam

138 2528 236 2593 maie
267 2555 325 2595 rue
356 2539 392 2593 et
422 2526 504 2594 illud
533 2527 625 2592 dedit
656 2527 688 2591 in
719 2526 927 2611 maritagium
958 2548 1032 2590 eum
1068 2525 1207 2612 quadum

138 2630 213 2695 Alitis
233 2634 298 2699 tilia
320 2656 382 2697 sua
406 2632 535 2696 cuidam
563 2630 713 2716 Philippo
739 2629 825 2716 patri
851 2629 1028 2694 Alexandri
1057 2641 1092 2694 et
1122 2629 1207 2695 idem

137 2728 273 2821 llilippm
296 2737 406 2801 tenuit
431 2734 512 2800 illud
535 2734 568 2799 in
596 2757 674 2820 paee
699 2745 733 2798 et
760 2756 822 2798 non
851 2732 956 2797 uisum
980 2732 1096 2798 fuitei
1122 2733 1208 2819 quod

136 2838 315 2904 afficientem
340 2838 477 2903 haberet
497 2848 677 2902 warantum
699 2846 734 2900 et
754 2835 854 2921 peciit
868 2835 910 2899 ab
925 2835 1037 2900 aldem
1055 2836 1210 2902 ll'urnero

136 2958 161 3002 rt
187 2944 211 3009 ei
243 2946 361 3010 lubere
392 2946 513 3008 faeemt
542 2942 821 3008 confirmacionem
853 2941 971 3006 Prioris
1001 2943 1034 3007 S.
1064 2942 1210 3009 Andree¹

134 3044 252 3113 mitti
272 3048 407 3113 melasio
429 3047 585 3121 eiusdem,
606 3057 641 3111 et
666 3045 756 3110 Prior
777 3045 818 3110 ad
842 3046 1036 3131 peticionem
1061 3046 1209 3112 ll‘arneri

133 3151 303 3215 naumann
326 3149 434 3215 eidem
457 3149 608 3235 Philippo
627 3159 661 3212 et
678 3148 781 3212 Alieie
799 3159 917 3212 terram
934 3148 1033 3221 illam,
1048 3163 1082 3213 et
1099 3160 1211 3234 pratea

132 3246 303 3318 lta-uerunt
328 3253 415 3318 idem
439 3251 608 3338 Philippus
628 3262 662 3315 et
683 3251 788 3315 Alicia
804 3274 962 3338 pauperes
977 3262 1012 3315 et
1029 3252 1212 3316 Willelmns

133 3356 266 3433 wlffino
279 3356 457 3421 emutuit
471 3379 545 3420 eum
566 3355 705 3441 qnadmn
729 3356 796 3420 lilia
816 3354 989 3420 eorundem
1013 3355 1155 3442 Philippi
1176 3367 1211 3421 et

132 3458 210 3522 llas
229 3478 263 3524 et
285 3462 320 3526 in
344 3472 475 3524 mitum
500 3458 652 3546 pmceasit
675 3459 835 3523 intereos
855 3458 941 3543 qnod
963 3458 1024 3543 ipai
1041 3458 1211 3544 Philippus

131 3572 155 3619 ‘t
175 3564 272 3627 Alicia
297 3578 474 3649 putuerunt
502 3587 536 3627 se
564 3562 595 3626 in
623 3560 755 3625 consilio
786 3560 922 3646 predicti
950 3560 1104 3624 ll'illelmi
1135 3584 1209 3625 enm

130 3662 217 3730 *lem
237 3682 331 3737 tem
351 3681 388 3729 et
404 3666 586 3731 Willelmus
608 3677 644 3729 ut
665 3676 772 3729 ctntoa
793 3665 900 3728 tenuit
923 3675 1040 3729 terram
1066 3664 1154 3728 illam
1176 3676 1211 3728 et

131 3771 230 3833 aonii
252 3772 301 3835 eis
323 3770 521 3835 ‹awirerinnr
544 3780 697 3844 suamet
722 3769 851 3833 interim
877 3768 1101 3832 infirmabatur
1123 3767 1209 3831 idem

132 3864 273 3959 ἢὼρρω
307 3891 342 3937 et
380 3875 478 3937 terrio
511 3874 563 3938 die
593 3886 670 3937 anto
701 3886 838 3937 mortem
868 3895 960 3936 snam
997 3872 1074 3936 lecit
1103 3872 1208 3936 eidem

131 3968 268 4041 llll-lma
297 3995 421 4041 <amam
452 4001 542 4041 suurn
574 3976 616 4041 de
647 3979 841 4041 leolamento
867 3988 901 4039 et
931 3976 1014 4040 obiit
1044 3992 1079 4039 et
1104 3976 1212 4039 Alicia

130 4083 257 4144 munit
280 4084 313 4145 in
337 4081 484 4145 muralia
502 4081 648 4146 eiusdem
666 4081 821 4145 willelmi
841 4103 914 4144 cnm
937 4079 1049 4144 eaelem
1072 4092 1157 4142 terra
1176 4093 1210 4143 et

156 4290 295 4339 'lh-ulo.
715 4288 943 4350 'Nortlmrnptom
979 4286 1092 4334 nonan.
1111 4285 1160 4333 rol.
1185 4286 1208 4339 t,

155 4350 632 4417 'a-l-ummlpnwuionmy
684 4370 707 4416 p,
725 4357 779 4401 rat,

132 4426 303 4468 neman.
341 4420 484 4468 nullon.

1038 4520 1122 4580 5-2
