2926 5100
231 370 251 431 4
542 381 680 441 meren,
703 381 768 431 nn.
792 367 886 441 1224,
910 381 971 431 nn
995 371 1024 431 8.

232 557 382 622 Fulconia
396 578 459 643 que
476 578 540 621 non
555 557 617 621 nisi
632 556 742 622 dotem
758 556 833 621 inde
849 557 966 622 habuit
981 569 1093 645 etque
1115 568 1234 625 terram
1251 560 1339 626 illam

230 661 355 727 dimisit
370 660 399 725 ei
415 669 450 725 et
466 659 541 726 inde
558 660 706 747 producit
721 673 852 726 sectam.

299 765 342 830 Et
363 765 545 830 ,iohannes¹
570 764 662 829 uenit
684 774 719 829 et
740 764 887 830 defendit
910 765 960 830 iue
983 789 1078 831 suum
1101 778 1136 831 et
1162 767 1341 855 ingreffiurn

230 868 316 934 aient
331 867 511 954 predictum
526 876 578 931 eat
592 877 626 931 et
641 867 724 931 bene
739 866 885 931 defendit
900 867 986 954 quod
1002 880 1095 955 pater
1114 893 1193 935 anua
1214 872 1340 935 nultum

232 971 411 1057 ingressum
443 968 559 1033 habuit
596 991 654 1055 per
690 967 867 1055 predictam
905 971 1077 1056 Agnetem,
1106 971 1206 1037 immo
1244 974 1342 1038 habet

232 1076 412 1163 ingressum
442 1095 500 1160 per
529 1072 729 1137 Wiifefmum
760 1073 863 1137 filium
895 1073 1013 1161 Rogeri
1048 1086 1174 1161 petrem
1205 1077 1341 1163 predicti

233 1179 356 1244 Thorne
371 1177 428 1264 qui
444 1189 561 1241 terram
579 1176 667 1241 illam
683 1176 774 1241 dedit
790 1176 934 1263 predicto
948 1178 970 1241 J
973 1178 1079 1242 oliano
1099 1180 1184 1265 petri
1206 1181 1342 1266 predicti

232 1283 354 1347 Joffani
372 1304 429 1366 per
442 1291 564 1344 cartam
587 1302 677 1344 suam
699 1302 796 1366 quem
818 1281 938 1366 profert
958 1291 992 1345 et
1013 1305 1076 1368 que
1097 1294 1238 1348 testatur
1258 1284 1343 1370 qnod

234 1384 320 1450 idern
352 1383 534 1448 wilielmus
563 1383 649 1446 filius
676 1382 793 1469 Rogeri
819 1383 879 1447 filii
907 1383 1057 1448 Fuieonia
1083 1383 1175 1448 dedit
1199 1386 1344 1471 predicto

234 1489 364 1554 Jolfano
391 1488 432 1552 de
463 1486 598 1551 Neuilfa
622 1508 679 1573 pro
703 1485 853 1572 homagio
875 1509 935 1551 auo
958 1499 992 1551 et
1018 1510 1076 1574 pro
1101 1488 1206 1553 tribua
1230 1492 1345 1555 marcia

235 1602 337 1657 totam
365 1601 484 1656 terram
509 1590 550 1655 de
576 1590 736 1655 Walesein
762 1613 836 1655 cum
863 1591 1013 1655 omnibus
1039 1603 1118 1678 pert.
1142 1593 1211 1657 aine
1234 1595 1343 1681 aliquo

234 1705 457 1760 retenemento
473 1694 646 1759 tenendam
668 1705 727 1759 etc.
745 1694 891 1760 faciendo
912 1696 1085 1761 seruicium
1107 1697 1194 1784 quod
1216 1713 1343 1784 spectat

233 1797 277 1863 ad
291 1797 420 1863 feodum
435 1796 563 1862 dimidii
579 1797 692 1861 miiitia
707 1806 767 1862 etc.
813 1797 938 1863 Profert
957 1799 1060 1863 eciam
1080 1811 1202 1864 cartam
1224 1801 1343 1888 Rogeri

234 1901 275 1967 de
299 1901 410 1966 Monte
437 1900 578 1986 Begonin
600 1922 664 1985 que
688 1899 809 1964 donum
834 1900 915 1966 illud
942 1912 1083 1967 testator
1107 1911 1142 1967 et
1165 1903 1344 1979 confimmt,

235 2005 321 2071 unde
336 2005 416 2070 dicit
431 2005 517 2091 quod
533 2016 626 2090 pater
640 2027 718 2068 suris
733 2005 820 2090 cepit
835 2004 1022 2092 homagium
1038 2007 1160 2072 Jeflnni
1175 2008 1279 2092 petria
1293 2008 1342 2072 nui

235 2122 269 2176 et
296 2123 408 2198 postea
434 2133 509 2175 eum
539 2110 719 2173 attornauit
747 2110 872 2194 Rogero
896 2112 1028 2197 capitali
1051 2111 1182 2177 domino
1205 2135 1264 2177 auo
1288 2113 1343 2200 qui

234 2225 348 2301 postea
361 2213 402 2278 ad
418 2213 611 2298 peticionem
627 2212 697 2276 eius
712 2212 798 2298 cepit
815 2212 1000 2300 homagium
1016 2238 1120 2280 suurn.

302 2316 344 2380 Et
360 2315 500 2379 Theman
515 2315 606 2379 uenit
621 2325 656 2378 et
676 2316 839 2401 cognoscit
859 2329 981 2382 cartam
999 2318 1099 2404 patria
1119 2318 1178 2390 aui.
1193 2330 1244 2383 eet
1264 2319 1344 2385 dicit

234 2418 321 2504 quod
336 2441 400 2484 non
415 2418 512 2483 debet
528 2418 558 2482 ei
575 2442 687 2483 nocere
702 2419 780 2505 quia
795 2418 880 2483 idem
898 2418 1081 2484 Wilfefmua
1096 2443 1263 2507 nunquam
1281 2423 1344 2488 fuit

235 2523 268 2588 in
284 2523 401 2588 neieina
416 2523 457 2588 de
473 2523 619 2609 predicta
632 2534 718 2587 term
732 2535 766 2588 ct
786 2536 933 2609 preterea
953 2524 1021 2610 ipee
1043 2525 1105 2589 fuit
1127 2525 1292 2591 lunaticus
1311 2540 1345 2592 et

235 2627 396 2713 impetens
410 2627 460 2691 eui
475 2637 510 2690 et
525 2626 600 2691 inde
615 2628 699 2713 petit
716 2627 880 2702 iudicium,
895 2638 929 2693 et
945 2627 1027 2692 bene
1042 2629 1204 2713 cognoscit
1220 2643 1343 2695 cartam

236 2730 411 2815 patrissui.

302 2833 345 2897 Et
370 2833 519 2897 dotianus
543 2832 641 2898 dicit'
666 2832 752 2919 qood
778 2855 891 2898 reuera
923 2833 1034 2920 Agnes
1064 2846 1168 2899 mater
1196 2834 1343 2900 ciuadem

235 2936 391 3001 Willelmi
414 2939 520 3003 tenuit
543 2938 769 3003 terramillam
792 2938 824 3002 in
847 2937 957 3002 dotem
980 2938 1028 3002 ita
1049 2938 1134 3024 quod
1160 2938 1344 3005 Wiffeimua

235 3042 298 3106 fuit
325 3054 486 3107 vacantes
512 3066 590 3107 auria
619 3043 660 3107 de
690 3042 765 3107 dote
795 3065 855 3107 aua
883 3053 918 3107 et
948 3065 1005 3128 per
1033 3058 1155 3107 cartam
1190 3043 1279 3108 illam
1310 3059 1346 3109 et

234 3145 438 3209 uoluntatem
466 3144 567 3231 ipeiua
593 3145 732 3231 Agnetis
760 3145 875 3210 habuit
905 3156 998 3230 pater
1026 3167 1104 3210 aune
1133 3167 1225 3209 auam
1255 3146 1346 3211 acini·

233 3269 318 3312 nam

301 3354 343 3418 Et
366 3354 444 3441 quia
465 3354 605 3419 Thomas
627 3354 790 3439 cognoscit
816 3365 937 3419 cartam
964 3354 1066 3440 patrio
1088 3353 1138 3419 aui
1163 3366 1197 3418 et
1223 3354 1345 3421 donum

233 3477 328 3520 cuum
352 3469 384 3520 et
409 3456 494 3543 quod
519 3456 701 3521 willelmus
726 3469 818 3543 petie
841 3479 919 3521 rutra
944 3470 981 3521 ut
1007 3469 1168 3521 carentes
1193 3470 1227 3521 et
1253 3457 1347 3523 hereo

235 3559 379 3644 predicte
395 3561 534 3645 Agnetis
548 3560 639 3625 dedit
660 3560 765 3625 eidem
787 3560 933 3625 Joffane'
956 3571 1073 3625 terram
1095 3561 1183 3625 illam
1204 3576 1237 3625 et
1260 3562 1346 3648 quod

236 3665 346 3748 Agnes
359 3664 484 3729 dimisit
499 3687 533 3728 ae
549 3675 608 3728 etc.
625 3663 863 3729 consideratum
879 3675 930 3727 ent
948 3663 1034 3750 quod
1052 3663 1172 3727 donnm
1193 3674 1348 3731 teneatur

234 3781 267 3834 et
285 3768 357 3833 ideo
370 3769 520 3833 Julianus
535 3768 610 3833 inde
625 3768 757 3854 quietus
772 3781 806 3832 et
822 3768 962 3831 Thomas
979 3768 1012 3833 in
1029 3767 1253 3833 misericordia

111 3888 185 3952 Μ
301 3872 412 3937 Abba
432 3871 472 3936 de
494 3872 688 3957 Saotereye‘
708 3870 925 3935 mimmenitun
946 3870 1005 3935 fnit
1028 3869 1069 3935 ad
1090 3872 1347 3955 agnoscendum

117 3987 182 4028 Β*
234 3974 275 4040 de
291 3998 355 4061 quo
371 3987 461 4039 tenet
477 3973 639 4060 quoddam
655 3974 876 4039 moiendinum
893 3974 925 4037 in
942 3973 1123 4060 Nywetona
1138 3986 1170 4038 et
1188 3998 1246 4061 per
1260 3978 1346 4063 quod

234 4077 408 4143 seminium
424 4087 484 4141 etc.
501 4075 586 4140 unde
601 4076 769 4141 concordia
784 4076 951 4162 prolocuta
965 4090 1014 4140 ent
1036 4077 1122 4141 inter
1136 4077 1346 4146 Abbatimm

271 4211 279 4245 ¹
296 4212 368 4262 Gerr.
380 4214 507 4260 Joffaw.
813 4212 859 4262 tho
870 4212 987 4271 deneger
999 4214 1117 4264 ΝΜ
1130 4222 1157 4264 to
1169 4215 1213 4266 tto
1227 4217 1276 4278 cin
1293 4218 1347 4269 and

270 4276 281 4308 ⁸
297 4278 383 4327 follae
403 4278 449 4325 bn
464 4286 491 4326 te
508 4292 606 4328 ann«
623 4277 667 4327 tho
680 4278 761 4340 objce-
814 4279 914 4342 quitted
927 4281 1083 4341 piamina.

239 4341 294 4391 tion
307 4343 364 4391 ttut
378 4342 491 4391 william
504 4343 548 4392 tho
560 4342 641 4392 &inor
654 4358 706 4391 w
718 4350 764 4392 not
848 4345 859 4374 ¹
876 4346 948 4391 (οη.
960 4347 1071 4392 amne».

238 4407 329 4457 mne
364 4406 413 4457 tti-
434 4422 532 4458 ωιτη
555 4411 577 4457 iu
599 4410 657 4457 ttut
680 4412 765 4465 Aaou
849 4410 984 4471 ‘fianta
998 4410 1250 4474 umut.vo1.t.p,
1265 4414 1324 4462 tat,
