2926 5100
167 394 283 445 cusan
305 391 405 453 nasa
427 391 491 441 an.
516 378 673 452 lest-7,
695 395 759 446 sa
783 381 832 443 21.
986 383 1047 446 195

109 568 279 655 lpiseopum
308 577 345 631 et
373 566 471 631 finem
497 566 575 631 lecit
600 588 657 652 pro
682 567 803 631 relcuio
828 590 886 632 suo
911 577 947 633 et
972 569 1050 635 fecit

109 684 184 736 stem
198 682 232 735 et
250 670 367 735 habuit
382 670 508 735 litteras
525 670 627 756 ipsius
650 671 798 757 Episcopi
821 671 977 736 seruienti
990 695 1049 737 suo

109 776 222 841 laceret
244 774 275 839 ei
298 774 507 839 securitatem
530 774 571 840 de
595 775 716 840 releuio
741 775 797 839 illo
822 776 908 862 quod
930 777 1049 843 lucem

109 903 150 945 sm
173 879 215 945 ‹le
242 878 356 944 eudem
384 887 554 955 tens-set
580 878 658 965 quia
680 878 765 944 idem
792 879 899 944 Adam
925 881 1048 946 nullam

109 1006 151 1049 em
166 985 198 1048 ei
214 983 291 1048 lecit
305 994 341 1049 et
355 982 434 1070 quia
447 982 576 1048 audiuit
590 983 676 1069 quod
691 983 855 1069 predictus
866 984 1049 1051 willelmus

109 1112 116 1153 ι
130 1088 193 1153 luit
208 1088 258 1152 ita
270 1087 358 1174 quod
374 1087 501 1152 nullum
517 1086 668 1152 heredem
684 1087 803 1153 habere
818 1088 920 1175 possit
933 1088 996 1154 nisi
1007 1089 1048 1155 de

109 1214 164 1263 uo.
178 1190 252 1257 ideo
275 1190 398 1257 nullam
420 1191 571 1256 saisinam
592 1191 624 1256 ei
644 1192 747 1256 lacere
769 1193 883 1269 uoluit,
897 1203 949 1258 set
963 1192 1047 1279 ipse¹

109 1294 209 1359 eisina
234 1306 268 1359 ct
293 1293 440 1358 sentiens
465 1294 566 1380 ipsius
591 1294 692 1360 donec
716 1295 810 1361 Dom.
834 1296 904 1360 Rex
929 1305 1047 1362 terram

109 1399 184 1464 itin
201 1420 334 1463 manum
349 1420 452 1475 suam,
466 1408 501 1462 et
521 1397 597 1463 inde
618 1399 712 1485 ponit
733 1422 767 1464 se
789 1422 888 1486 super
908 1400 1047 1487 patriam

109 1504 187 1569 lesit.
209 1504 215 1587 Ι

109 1608 175 1674 lam
190 1630 249 1695 per
262 1619 465 1675 attenuatum
480 1629 576 1672 suum
591 1607 772 1694 dicitquod
793 1607 857 1672 luit
876 1607 911 1673 in
930 1608 1049 1674 seisina

109 1734 181 1777 mm
205 1711 366 1798 Epismpi,
385 1722 436 1775 set
457 1710 538 1775 dicit
560 1710 645 1796 quod
669 1711 774 1797 patnia
798 1709 897 1776 nichil
922 1711 984 1777 scit
1006 1712 1047 1777 de

109 1830 164 1881 cta
177 1839 236 1902 per
250 1816 409 1881 balliuum
427 1816 599 1902 Episcopi'.

109 1942 126 1985 a
151 1920 244 1985 uenit
273 1920 452 2007 Episcopus
474 1930 509 1983 et
532 1918 612 1983 dicit
638 1918 724 2004 quod
747 1919 870 1983 nullam
896 1919 1046 1985 seisinam

110 2022 169 2089 bet
192 2023 338 2110 predicto
359 2023 441 2099 nde,
462 2022 540 2109 quia
561 2022 705 2108 prelatus
727 2022 910 2088 Willelmus
931 2023 1048 2089 habuit

130 2150 264 2191 uxorem
284 2125 347 2191 sibi
367 2124 604 2211 desponsatam,
620 2127 784 2211 Agnetem
798 2125 840 2190 de
857 2126 1047 2212 Wigenhale

109 2231 137 2296 le
153 2253 220 2318 qua
234 2229 351 2296 habuit
367 2228 518 2294 heredem
534 2230 640 2316 etqui
659 2251 818 2315 appulsus
837 2240 888 2295 est
908 2239 943 2295 et
963 2231 1048 2317 petit

135 2334 240 2421 ipsius
268 2332 423 2397 Willelmi
452 2342 487 2396 et
516 2332 617 2397 eciam
649 2331 795 2417 predicta
822 2333 934 2420 Agnes
962 2334 1048 2421 petit

109 2462 160 2505 am
175 2454 211 2503 et
227 2448 342 2524 palata
356 2451 407 2503 est
422 2436 555 2524 probare
578 2436 820 2501 matrimonium
841 2437 928 2503 inter
943 2437 1046 2524 ipsam

109 2562 175 2610 tum
191 2544 393 2609 willelmum
412 2542 440 2607 si
460 2565 541 2629 opus
563 2541 671 2618 merit,
686 2551 720 2607 et
741 2541 827 2606 unde
849 2541 982 2607 uidetur
1000 2542 1047 2608 ei⁴

109 2672 165 2715 am
181 2649 334 2713 saisinam
350 2649 453 2713 lacere
467 2647 566 2712 debet
581 2646 687 2711 eidem
708 2646 780 2711 Ade
800 2668 859 2711 nec
874 2646 929 2711 alii
945 2645 1047 2713 donec

109 2754 214 2841 tquis
228 2753 271 2817 sit
287 2764 396 2817 rectus
411 2752 511 2817 heres
556 2751 600 2815 Et
620 2750 701 2815 dicit
722 2749 809 2837 quod
831 2749 917 2816 idem
941 2751 1046 2816 Adam

109 2884 116 2918 ι
143 2857 175 2921 ei
202 2855 357 2939 cognouit
383 2854 468 2941 quod
495 2853 642 2940 predicta
667 2854 778 2939 Agnes
804 2853 906 2939 gessit
930 2876 965 2918 se
991 2876 1049 2940 pro

109 2961 171 3025 sius
195 2958 355 3023 Willelmi
381 2967 417 3022 et
442 2955 528 3043 quod
555 2956 672 3022 liberos
698 2955 814 3020 habuit
838 2953 880 3020 de
903 2956 1048 3041 predicto

109 3180 267 3231 :tornatus
296 3164 399 3249 ipsius
429 3163 500 3229 Ade
529 3163 692 3250 cognoscit
722 3163 807 3249 quod
837 3185 950 3228 reuera
978 3163 1049 3249 ipsa

109 3270 145 3335 n‘t
161 3268 250 3355 quod
269 3267 464 3353 desponsata
484 3268 547 3332 luit
565 3267 626 3353 ipsi
643 3266 814 3343 willelmo,
829 3278 879 3331 set
894 3267 953 3331 hoc
969 3267 1048 3332 salso

109 3370 338 3459 mpsclicndum
353 3384 388 3435 et
403 3371 596 3437 humandum
613 3370 663 3435 0s⁸
677 3371 779 3457 ipsius
795 3371 873 3436 Ado„
912 3371 956 3435 Et
970 3372 1049 3457 quia

109 3488 238 3541 ornatus
261 3475 309 3539 ita
329 3474 485 3539 concessit
505 3485 539 3539 et
559 3474 730 3561 cognoscit,
745 3474 981 3540 consideratum
997 3486 1047 3540 est

109 3610 115 3643 ι
134 3584 247 3663 Agnes
268 3589 513 3643 summoneatur
533 3577 620 3664 quod
639 3579 683 3642 sit
698 3578 757 3643 tali
772 3577 825 3643 die
840 3588 901 3644 etc.
918 3579 960 3644 ad
974 3601 1047 3666 cog·

109 3706 138 3747 m
152 3684 180 3747 si
196 3680 307 3746 ‹lotcm
323 3681 407 3766 petit
422 3680 462 3746 de
484 3692 570 3745 tem
591 3681 647 3746 illa
666 3691 700 3745 et
720 3681 748 3745 si
768 3703 884 3767 pueros
906 3681 1048 3747 habeant

109 3806 153 3853 tut
168 3810 240 3851 essse
256 3786 389 3851 heredes
403 3786 505 3872 ipsius
521 3785 676 3850 Willelmi
693 3785 744 3850 uel
761 3808 832 3850 non.

109 3914 163 3955 em
180 3890 273 3954 illum
291 3889 383 3953 uenit
403 3892 514 3975 Agnes
535 3902 569 3952 et
589 3888 753 3972 cognoscit
775 3887 861 3973 quod
883 3887 946 3952 fuit
968 3910 1049 3952 uxor

112 3995 225 4059 illelmi
249 3994 443 4079 despmnsata
464 4008 499 4057 et
522 3992 608 4079 quotl
635 3992 734 4057 habet
758 3991 799 4055 de
823 4014 862 4057 eo
885 3992 1046 4077 quendam

109 4099 176 4163 lam
200 4098 329 4162 nomine
349 4099 406 4182 qui
421 4098 519 4162 debet
534 4120 602 4163 eme
619 4097 711 4163 heres
726 4097 827 4184 ipsius
842 4096 997 4161 Willelmi
1013 4109 1047 4159 et

109 4299 167 4365 hep.
555 4298 565 4329 ⁸
582 4299 653 4348 Con.
666 4300 833 4349 mitatem.

109 4363 472 4425 nloenotgoingtothe
555 4363 745 4439 ‘Thetishep

555 4429 565 4460 ¹
581 4428 620 4477 'lo
630 4434 689 4491 stop
700 4428 742 4479 lus
751 4426 851 4478 mouth.

856 4530 960 4592 tlt—2
