2926 5100
186 402 421 466 mosmos,
442 403 508 456 un.
532 388 626 468 1217,
647 404 710 456 nn
735 392 828 458 1-2
994 392 1059 462 807

120 575 206 665 quod
223 576 388 664 predictus
408 576 526 643 Petrus
547 576 612 643 fuit
631 578 806 665 proximior
827 578 921 646 heres
940 582 1058 668 prelati

109 703 197 769 quem
211 680 377 768 predictus
387 680 572 747 Willelmus
586 683 643 769 qui
656 683 720 748 fuit
730 685 910 750 auunculus
920 685 1058 772 predicti

113 784 163 851 ito
183 783 270 872 quod
292 785 457 872 predictus
479 785 631 872 Nigellus
652 811 711 875 per
724 788 881 854 iudicium
896 790 983 856 curie
998 813 1057 856 sue

109 900 128 952 ‚t
151 886 228 952 inde
252 887 433 973 predictum
460 887 662 954 willelmum
688 897 722 955 et
746 891 854 977 posuit
874 892 1056 979 predictum

109 990 144 1056 in
170 990 349 1077 plensmnm
372 991 524 1056 seisinem
548 991 589 1057 de
616 1001 804 1059 tenemento
829 994 894 1070 illo,
920 1003 954 1060 et
979 995 1056 1061 inde

109 1092 321 1159 intantum
335 1095 458 1160 curiam
482 1095 619 1181 predicti
639 1096 772 1183 Nigelli
817 1098 880 1163 Per
898 1099 1055 1165 auxilium

109 1198 204 1262 beent
226 1219 299 1263 eom
322 1197 381 1263 teli
402 1197 456 1264 die
478 1205 514 1263 et
531 1199 673 1265 habeant
688 1201 788 1266 breue
803 1201 889 1289 quod
904 1203 937 1268 N
940 1203 1057 1291 igellus

109 1299 143 1365 ui
168 1299 335 1365 recordum
365 1300 454 1365 illius
483 1300 610 1387 loquele
639 1302 674 1367 in
702 1303 793 1368 curin
821 1327 881 1370 sue
909 1312 944 1370 et
973 1306 1056 1373 illud

109 1424 205 1467 snm
235 1402 420 1469 iusticioriis
448 1402 491 1468 ed
521 1403 587 1469 tole
617 1404 794 1470 terminum
824 1428 882 1493 per
915 1417 1056 1493 qustuor

109 1505 155 1591 'ni
185 1505 315 1570 recordo
343 1505 392 1570 illi
420 1505 628 1571 interfuerint
656 1516 716 1573 etc
763 1508 807 1572 Et
842 1508 967 1576 dictum
1003 1519 1055 1575 est

109 1608 203 1674 ribus
222 1609 279 1695 qui
300 1618 461 1675 uenerunt
479 1607 566 1696 quod
586 1620 663 1675 cont
682 1610 759 1676 inde
780 1611 849 1676 sine
873 1612 926 1678 die
951 1636 1053 1700 usque

109 1711 143 1778 le
165 1712 341 1778 hsbuerint
361 1713 660 1792 summonitionem,
681 1737 720 1780 eo
741 1713 828 1802 quod
850 1715 912 1802 ipsi
936 1739 1054 1804 cogno-

109 1817 295 1884 ineisinsm.

110 1934 205 2007 ptum
222 1921 286 1987 luit
305 1921 488 1987 uiccoomiti
508 1921 594 2009 quod
614 1923 789 2010 assumptis
808 1947 917 1990 secum
939 1924 1053 1991 militi·
1166 1973 1173 1986 .

110 2025 187 2091 bere
209 2026 398 2091 tenentibus
420 2048 494 2091 cum
517 2025 552 2091 ui
571 2037 607 2091 et
621 2037 720 2114 gente
736 2037 862 2093 armato
875 2028 1054 2116 inproprie

109 2152 166 2195 nro
190 2129 358 2195 secederet
383 2153 485 2216 usque
512 2130 669 2210 Morbum,
699 2140 735 2197 et
763 2153 891 2197 omnem
922 2132 1052 2200 forciam

109 2232 180 2299 dem
196 2235 361 2300 inueniret
382 2234 586 2300 resistentem
609 2235 766 2300 Thomom
788 2234 830 2300 de
852 2235 1054 2322 Ingelistone

109 2338 234 2413 luoerct,
248 2349 284 2403 et
298 2337 404 2404 eidem
420 2337 542 2403 Thome
563 2338 740 2425 plenariam
761 2338 912 2404 seisinem
933 2339 1052 2405 hebere

109 2466 121 2503 e
137 2451 224 2505 tom
238 2462 298 2505 suo
311 2439 352 2505 de
370 2440 525 2516 ilsrhom,
540 2451 575 2505 ct
589 2439 675 2527 quod
691 2451 825 2527 poneret
840 2464 898 2528 per
918 2441 1051 2508 uedium

115 2546 240 2632 plegios
254 2568 366 2610 omnes
380 2545 452 2610 illos
466 2545 523 2632 qui
538 2568 573 2609 se
588 2554 738 2610 tenerent
755 2545 788 2610 in
804 2544 951 2631 predicto
964 2555 1053 2613 terre

109 2672 149 2714 un
164 2661 278 2714 contro
292 2657 480 2734 preceptum
496 2647 589 2712 Dom.
606 2646 707 2735 Regis
727 2646 770 2713 nd
792 2647 1050 2734 respondendum

109 2752 137 2838 gi
152 2776 250 2839 super
264 2751 450 2818 huiusmodi
464 2751 648 2817 excessibus
663 2762 723 2817 etc

109 2878 175 2943 iper
197 2856 257 2920 hoc
282 2855 375 2920 uenit
400 2855 578 2920 Herinerus
601 2855 642 2920 de
668 2855 885 2920 Bcckcrwello
908 2865 944 2921 et
967 2856 1049 2922 dicit

109 2958 190 3024 eluit
207 2959 242 3023 in
256 2957 376 3023 seisinn
391 2957 478 3023 illius
494 2968 579 3023 terre
593 2957 679 3022 sicut
694 2957 728 3022 in
744 2958 801 3023 ille
814 2981 878 3045 que
898 2980 958 3024 suo
978 2981 1048 3024 esse

109 3062 242 3127 rfiuem
265 3062 387 3127 loetum
411 3062 443 3126 in
466 3061 557 3127 curis
578 3061 670 3126 Dom
695 3060 794 3148 Regis
814 3060 972 3127 Johsnnis
990 3083 1049 3147 per

109 3188 176 3231 rum
200 3166 288 3230 inter
306 3189 382 3231 eum
402 3177 438 3231 et
458 3165 639 3253 predictum
659 3166 816 3231 Thomcm
839 3172 875 3230 et
898 3164 1046 3230 Sibilleru

130 3292 263 3335 uxorcm
289 3270 369 3347 eius,
394 3284 429 3335 ct
458 3271 579 3357 profert
608 3269 842 3356 cyrographum
871 3266 958 3355 quod
987 3268 1047 3333 hoc

137 3373 180 3439 Et
203 3373 345 3438 Thomas
367 3373 449 3439 dicit
472 3373 557 3460 quod
582 3374 651 3459 ipso
676 3382 726 3438 cst
750 3372 784 3438 iu
812 3371 932 3438 seisino
959 3372 1048 3438 illius

118 3492 304 3563 prereptum
321 3477 413 3543 Dom.
431 3478 530 3563 Regis
550 3498 607 3563 per
629 3476 727 3541 breue
748 3498 845 3540 suum
867 3485 902 3539 et
923 3474 1047 3539 nullom

109 3581 370 3646 ommonicionem
410 3579 634 3668 respondendi,
675 3590 711 3645 et
750 3578 823 3644 ideo
864 3601 928 3643 non
973 3578 1047 3643 uult

109 3704 146 3747 re.
189 3684 438 3750 (lonsiclerutum
454 3682 606 3770 estquod
622 3706 685 3747 non
702 3680 894 3769 respondeat
907 3705 946 3747 eo
960 3682 1046 3769 quod

109 3787 176 3851 sinn
191 3810 249 3873 per
264 3788 361 3852 breue
379 3789 470 3852 Dom.
487 3788 587 3873 Regis
601 3788 679 3872 quo¹
696 3810 794 3873 penes
810 3810 866 3851 uos
882 3786 1047 3860 hebemus,

109 3886 158 3951 ule
172 3891 241 3955 sinc
256 3890 309 3956 ‹lie
324 3901 359 3954 ot
372 3891 549 3955 Heriucrus
564 3890 730 3977 perquiret
744 3889 807 3954 sibi
821 3889 886 3954 elio
904 3888 999 3953 modo
1017 3888 1046 3952 si

110 4008 161 4055 etc.
179 3996 185 4075 Ι

109 4092 129 4154 u
149 4097 228 4160 filius
254 4096 406 4161 Gennoni
430 4110 464 4161 et
488 4096 625 4161 Gelieus
648 4119 727 4160 uxor
751 4096 821 4159 cius
837 4103 962 4181 ponunt
977 4094 1045 4159 loco

109 4216 193 4273 poem
213 4202 376 4265 Britoncm
398 4224 510 4266 uersus
530 4200 730 4265 Willclmum
751 4198 845 4263 ‘sorel
865 4198 905 4263 dc
927 4198 1046 4285 placito

109 4296 118 4359 i
133 4299 273 4370 iudicium
296 4327 389 4371 suum
410 4305 451 4371 dc
474 4305 574 4370 ossius
590 4327 672 4370 nouo
687 4303 853 4369 disscisinc
869 4325 932 4389 quc
948 4314 1044 4390 copto

405 4436 411 4465 ¹
430 4435 500 4484 Corr.
514 4436 586 4497 quam

853 4532 959 4594 etl-2

1096 4072 1137 4122 [rer
1147 4073 1174 4121 u]

1100 4136 1170 4178 lunc
