2926 5100
239 383 280 444 2⁸
552 392 690 453 ns’rsslt,
712 391 778 445 Η).
803 379 896 452 1224,
919 392 983 443 Mt
1006 382 1035 442 8.

237 566 377 630 Thomas
392 563 432 629 de
449 563 614 628 Moletons
628 585 714 628 nnno
728 573 762 627 et
777 561 831 627 die
846 584 910 648 quo
923 561 1107 627 willelmus
1117 560 1158 628 de
1171 561 1349 627 Holebech'

236 670 319 735 obiit
349 668 412 733 luit
437 668 568 733 scisitus
596 666 637 732 de
666 666 803 731 seruicio
826 665 961 731 militari
984 665 1025 730 do
1049 675 1238 731 tenemento
1259 665 1349 750 quod

238 775 323 840 idern
337 773 521 838 Willclmus
538 771 645 837 tenuit
660 771 701 836 de
716 794 755 835 eo
770 771 803 836 in
815 770 909 835 Flete
926 770 977 835 uel
993 792 1057 835 non
1073 770 1151 856 quin
1166 781 1235 834 tom
1247 769 1350 836 Fuloo

236 877 277 942 de
304 877 392 964 Cyry
418 899 530 941 uersus
554 899 650 962 quem
675 874 838 960 predictus
864 873 1004 939 Thomas
1026 874 1145 938 clamat
1166 874 1349 940 custodium

237 980 379 1045 Simonis
394 979 453 1044 filii
468 989 502 1044 et
519 978 646 1043 herculis
662 977 798 1063 predicti
815 977 971 1042 Willelrni
987 977 1043 1063 qui
1059 989 1110 1042 est
1126 977 1209 1042 infru
1223 989 1348 1044 etatem

237 1094 275 1147 ut
290 1082 411 1148 dicitur
425 1104 522 1168 quarn
539 1081 625 1146 idern
641 1081 781 1145 'l’homns
802 1092 980 1167 posuerunt
999 1104 1034 1147 sc
1055 1081 1129 1147 indo
1152 1082 1184 1145 in
1205 1082 1348 1147 iuratum

237 1185 335 1251 illurn.

301 1290 471 1354 iuratores
492 1286 606 1352 dicunt
628 1285 714 1373 quod
735 1309 821 1351 nuno
842 1299 877 1351 et
898 1286 951 1351 die
974 1309 1038 1372 quo
1061 1287 1244 1353 Willclmus
1265 1288 1350 1354 obiit

237 1394 301 1459 suit
327 1393 413 1459 idern
437 1392 577 1457 Thomna
600 1391 732 1456 seisitus
754 1391 795 1456 de
825 1390 961 1456 seruicio
991 1390 1124 1456 militari
1153 1392 1231 1478 quin
1260 1392 1348 1457 idem

239 1498 423 1564 Willclmus
452 1496 569 1562 hebuit
597 1496 678 1561 duna
707 1507 813 1562 curtus
841 1496 882 1561 de
921 1496 1116 1561 leofnmento
1151 1496 1216 1562 scil.
1247 1520 1347 1564 unsm

237 1614 360 1668 curtem
383 1601 451 1666 sine
476 1600 630 1665 forinseco
652 1599 789 1663 seruicio
810 1608 845 1663 et
867 1598 964 1662 nlinm
988 1598 1132 1664 faciendo
1156 1600 1348 1667 lorinsoenrn

237 1705 410 1770 seruicium
437 1704 502 1770 scil
527 1714 687 1789 quantum
718 1701 862 1788 pertinet
890 1700 932 1765 nd
962 1701 1038 1767 dim
1064 1702 1171 1766 bount.
1199 1714 1285 1768 terre
1314 1718 1350 1769 et

237 1810 279 1874 de
301 1808 357 1873 illo
379 1807 515 1872 seruicio
538 1807 600 1872 luit
622 1806 708 1872 idem
731 1805 872 1870 Thomas
893 1805 1024 1870 seisitus
1044 1828 1130 1871 nuno
1152 1817 1186 1871 et
1208 1807 1261 1872 die
1283 1830 1350 1893 quo

238 1911 321 1977 obiit
344 1910 534 1976 Willelrnun
581 1909 624 1974 Et
645 1908 766 1994 quesiti
787 1908 883 1994 qusle
906 1908 1098 1974 forinsecum
1126 1910 1211 1985 lecit,
1233 1911 1350 1976 dicunt

237 2015 325 2103 quod
361 2014 545 2101 scutagium
584 2011 714 2099 quondo
743 2013 856 2077 euenit
885 2023 947 2078 etc.
1007 2012 1049 2076 Et
1078 2012 1232 2079 dixerunt
1262 2016 1349 2101 quod

239 2120 394 2185 uiderunt
408 2129 513 2183 certas
528 2118 608 2182 illus
648 2117 690 2182 Et
706 2116 778 2181 ideo
792 2116 1029 2181 consideratum
1045 2117 1197 2204 estquod
1208 2118 1350 2185 Thomu

239 2224 443 2310 recuperauit
457 2222 609 2287 seininnm
624 2244 715 2286 sunm
736 2221 777 2286 de
799 2219 944 2307 predicta
963 2222 1119 2297 custodis,
1134 2233 1169 2286 et
1194 2222 1295 2288 Fulco
1315 2224 1348 2289 iu

239 2326 457 2393 misericordia
469 2337 505 2390 et
519 2325 616 2390 dutus
631 2336 681 2388 est
696 2325 726 2389 ei
741 2323 811 2388 dies
826 2323 978 2389 rcddcnd'
989 2325 1170 2411 predictum
1181 2327 1348 2394 Simonem

240 2431 385 2518 prelicm
399 2431 522 2496 Thornc
538 2439 597 2493 etc

306 2536 489 2600 ll'illelmus
503 2533 543 2598 de
558 2533 683 2619 Campo
699 2534 822 2598 Ernulfi
838 2534 1055 2600 summonitus
1073 2536 1136 2600 fuit
1156 2535 1198 2601 sd
1218 2559 1350 2624 respon·

240 2637 383 2704 dendurn
400 2637 500 2701 Priori
515 2637 556 2702 (le
571 2637 835 2702 Cristeschurchc
851 2637 891 2702 de
907 2636 967 2702 hoc
982 2637 1068 2724 quod
1081 2638 1304 2705 wnrcutizsret
1317 2640 1349 2706 ei

241 2743 370 2809 leolum
386 2742 461 2807 dim.
478 2741 592 2806 militis
606 2764 680 2806 cum
704 2751 784 2827 pert.
800 2742 833 2806 in
855 2741 948 2806 Flete
968 2742 1056 2827 ‘1¹¹0d
1077 2752 1169 2807 tenet
1190 2754 1225 2807 ct
1247 2744 1289 2808 dc
1311 2767 1351 2810 eo

241 2860 351 2912 tenere
366 2846 485 2911 clnmnt
500 2856 534 2910 et
550 2845 635 2910 unde
651 2858 773 2911 curtum
791 2846 931 2911 Hnwisie
946 2846 988 2911 dc
1005 2846 1146 2932 Ripnriis
1164 2848 1276 2912 etauio
1290 2871 1350 2913 sun

239 2954 333 3017 cuins
348 2951 440 3015 heres
455 2951 523 3037 ipse
538 2961 589 3015 est
604 2951 705 3016 hebet
720 2962 757 3015 ut
777 2950 868 3027 dicit,
882 2950 968 3015 unde
989 2949 1075 3014 idem
1097 2951 1187 3015 Prior
1205 2952 1350 3017 ostendit

240 3055 325 3142 quod
354 3068 467 3119 contrs
491 3065 614 3119 eurtum
641 3054 729 3119 illum
756 3077 854 3140 qussn
882 3054 913 3118 ei
939 3053 1039 3119 debet
1063 3054 1271 3120 mutim
1301 3056 1349 3121 in·

241 3158 410 3246 plucitnuit
426 3156 512 3223 idern
528 3157 711 3223 ll'illelmus
726 3159 832 3244 ipsum
850 3158 993 3223 Priorem
1011 3157 1052 3222 dc
1073 3157 1186 3223 cedern
1209 3170 1296 3225 terro
1315 3161 1348 3226 in

240 3286 319 3328 com.
345 3263 435 3329 non
460 3262 516 3327 ubi
543 3274 628 3327 term
654 3262 711 3328 ills
735 3274 786 3326 est
811 3284 868 3347 per
891 3261 977 3348 quod
1000 3261 1215 3328 deteriorntns
1238 3276 1290 3330 est
1315 3278 1351 3331 et

240 3367 418 3453 dompnum
434 3378 494 3431 otc
514 3366 521 3452 Ι

308 3471 350 3535 lit
367 3469 550 3535 Willolmus
565 3470 656 3534 uenit
671 3480 706 3534 et
720 3469 801 3535 dicit
815 3469 902 3556 quod
917 3483 1039 3535 curtem
1055 3471 1143 3536 illum
1165 3495 1229 3537 non
1250 3472 1350 3539 debet

241 3576 271 3641 ei
287 3574 494 3639 wnmntisnrn
514 3574 592 3661 quin
611 3573 757 3660 prodicta
778 3575 922 3639 Hnwisis
941 3575 1032 3660 prius
1051 3574 1184 3641 dedem
1203 3577 1350 3644 Jordsno

242 3679 326 3765 pntri
342 3678 486 3743 eiusdem
503 3677 658 3742 ll'illelmi
675 3700 732 3764 pro
747 3678 896 3763 homogio
916 3691 951 3743 et
973 3680 1109 3745 semicio
1130 3704 1189 3746 suo
1210 3683 1349 3750 eundern

241 3796 361 3848 terrum
387 3782 434 3847 ita
457 3781 543 3866 quod
565 3780 728 3846 Jordsnus
750 3781 832 3846 obiit
854 3781 930 3847 inde
951 3783 1082 3847 scisitus
1103 3794 1136 3849 ot
1159 3783 1237 3849 dum
1262 3785 1349 3853 idem

243 3886 426 3952 ll'illelrnus
437 3886 592 3950 suitinlrn
602 3896 777 3960 etulerint
790 3886 935 3973 prculicts
951 3887 1095 3953 linirisis
1110 3889 1171 3954 fuit
1187 3889 1351 3976 impotens

241 3993 302 4066 sui,
329 4003 363 4054 ct
392 3990 564 4055 trnnsiernt
590 3991 712 4076 sepcies
739 3990 818 4055 11¹¹}
841 4014 943 4054 nnnos
968 4004 1002 4056 et
1028 3992 1089 4056 suit
1119 3992 1153 4058 in
1183 3991 1279 4059 domo
1307 3993 1350 4061 de

243 4093 505 4161 cristeschurche
521 4092 692 4179 longuidn'
707 4093 783 4159 lecit
798 4094 887 4158 illssn
903 4108 1025 4159 certem
1040 4095 1068 4160 si
1084 4119 1237 4183 umqusm
1258 4099 1349 4165 illm

244 4200 329 4275 feeit,
343 4212 378 4263 et
394 4199 452 4263 hoc
468 4197 550 4263 beno
567 4208 658 4282 potet
672 4197 749 4282 quin
763 4196 849 4263 idem
867 4198 956 4263 Prior
966 4199 1006 4263 de
1018 4199 1130 4264 eodem
1143 4213 1230 4268 tem
1240 4204 1350 4290 posuit

278 4346 284 4375 ¹
305 4343 429 4404 l’rolusbly
451 4356 468 4392 s
490 4343 601 4392 mistsle
618 4343 656 4392 lor
672 4354 768 4409 uptun·
855 4345 1148 4411 'Supplyquadolll

243 4414 325 4472 qiam.
360 4408 531 4458 tloellowt.
544 4408 593 4457 rol.
605 4408 630 4462 6.
642 4423 667 4472 p.
679 4411 736 4458 801.
